%YAML 1.1
%TAG !u! tag:unity3d.com,2011:
--- !u!1 &113712
GameObject:
  m_ObjectHideFlags: 0
  m_PrefabParentObject: {fileID: 0}
  m_PrefabInternal: {fileID: 100100000}
  serializedVersion: 4
  m_Component:
  - 4: {fileID: 445420}
  - 33: {fileID: 3335984}
  - 23: {fileID: 2358028}
  - 65: {fileID: 6552382}
  - 114: {fileID: 11467988}
  m_Layer: 9
  m_Name: cudgel
  m_TagString: Untagged
  m_Icon: {fileID: 0}
  m_NavMeshLayer: 0
  m_StaticEditorFlags: 0
  m_IsActive: 1
--- !u!4 &445420
Transform:
  m_ObjectHideFlags: 1
  m_PrefabParentObject: {fileID: 0}
  m_PrefabInternal: {fileID: 100100000}
  m_GameObject: {fileID: 113712}
  m_LocalRotation: {x: .707106829, y: 0, z: 0, w: .707106709}
  m_LocalPosition: {x: 1.82000065, y: 1.56592095, z: .305459023}
  m_LocalScale: {x: 1, y: 1, z: 1}
  m_Children: []
  m_Father: {fileID: 0}
  m_RootOrder: 0
--- !u!23 &2358028
MeshRenderer:
  m_ObjectHideFlags: 1
  m_PrefabParentObject: {fileID: 0}
  m_PrefabInternal: {fileID: 100100000}
  m_GameObject: {fileID: 113712}
  m_Enabled: 1
  m_CastShadows: 1
  m_ReceiveShadows: 1
  m_Materials:
  - {fileID: 2100000, guid: d93a735095bc8944e984e70ae31d2ee5, type: 2}
  m_SubsetIndices: 
  m_StaticBatchRoot: {fileID: 0}
  m_UseLightProbes: 1
  m_ReflectionProbeUsage: 1
  m_ProbeAnchor: {fileID: 0}
  m_ScaleInLightmap: 1
  m_PreserveUVs: 0
  m_ImportantGI: 0
  m_AutoUVMaxDistance: .5
  m_AutoUVMaxAngle: 89
  m_LightmapParameters: {fileID: 0}
  m_SortingLayerID: 0
  m_SortingOrder: 0
--- !u!33 &3335984
MeshFilter:
  m_ObjectHideFlags: 1
  m_PrefabParentObject: {fileID: 0}
  m_PrefabInternal: {fileID: 100100000}
  m_GameObject: {fileID: 113712}
  m_Mesh: {fileID: 4300000, guid: a9ebb88564b85164ab0bddcf0e385dc2, type: 3}
--- !u!65 &6552382
BoxCollider:
  m_ObjectHideFlags: 1
  m_PrefabParentObject: {fileID: 0}
  m_PrefabInternal: {fileID: 100100000}
  m_GameObject: {fileID: 113712}
  m_Material: {fileID: 0}
  m_IsTrigger: 0
  m_Enabled: 1
  serializedVersion: 2
  m_Size: {x: .200000003, y: .600000024, z: .200000003}
  m_Center: {x: .00537109375, y: .388278931, z: .0055060843}
--- !u!114 &11467988
MonoBehaviour:
  m_ObjectHideFlags: 1
  m_PrefabParentObject: {fileID: 0}
  m_PrefabInternal: {fileID: 100100000}
  m_GameObject: {fileID: 113712}
  m_Enabled: 1
  m_EditorHideFlags: 0
  m_Script: {fileID: 11500000, guid: 323d39606e016794391e28354462f36d, type: 3}
  m_Name: 
  m_EditorClassIdentifier: 
  attackSpeed: 1
  stopAttackOnHit: 1
  minimumAttackTime: 200
  stopAttackSpeed: .100000001
  damagePerHit: 5
  damageRecoveringSpeed: 2.5
  maxHitsPerAttack: 1
  handBone: {fileID: 0}
--- !u!1001 &100100000
Prefab:
  m_ObjectHideFlags: 1
  serializedVersion: 2
  m_Modification:
    m_TransformParent: {fileID: 0}
    m_Modifications: []
    m_RemovedComponents: []
  m_ParentPrefab: {fileID: 0}
  m_RootGameObject: {fileID: 113712}
  m_IsPrefabParent: 1
