%YAML 1.1
%TAG !u! tag:unity3d.com,2011:
--- !u!1 &101210
GameObject:
  m_ObjectHideFlags: 1
  m_PrefabParentObject: {fileID: 0}
  m_PrefabInternal: {fileID: 100100000}
  serializedVersion: 4
  m_Component:
  - 4: {fileID: 478846}
  m_Layer: 8
  m_Name: mixamorig:LeftHandPinky3
  m_TagString: Untagged
  m_Icon: {fileID: 0}
  m_NavMeshLayer: 0
  m_StaticEditorFlags: 0
  m_IsActive: 1
--- !u!1 &101884
GameObject:
  m_ObjectHideFlags: 1
  m_PrefabParentObject: {fileID: 0}
  m_PrefabInternal: {fileID: 100100000}
  serializedVersion: 4
  m_Component:
  - 4: {fileID: 434692}
  m_Layer: 8
  m_Name: mixamorig:LeftHandMiddle4
  m_TagString: Untagged
  m_Icon: {fileID: 0}
  m_NavMeshLayer: 0
  m_StaticEditorFlags: 0
  m_IsActive: 1
--- !u!1 &104046
GameObject:
  m_ObjectHideFlags: 1
  m_PrefabParentObject: {fileID: 0}
  m_PrefabInternal: {fileID: 100100000}
  serializedVersion: 4
  m_Component:
  - 4: {fileID: 403578}
  m_Layer: 8
  m_Name: mixamorig:RightHandMiddle2
  m_TagString: Untagged
  m_Icon: {fileID: 0}
  m_NavMeshLayer: 0
  m_StaticEditorFlags: 0
  m_IsActive: 1
--- !u!1 &104644
GameObject:
  m_ObjectHideFlags: 1
  m_PrefabParentObject: {fileID: 0}
  m_PrefabInternal: {fileID: 100100000}
  serializedVersion: 4
  m_Component:
  - 4: {fileID: 476188}
  m_Layer: 8
  m_Name: mixamorig:LeftToe_End
  m_TagString: Untagged
  m_Icon: {fileID: 0}
  m_NavMeshLayer: 0
  m_StaticEditorFlags: 0
  m_IsActive: 1
--- !u!1 &105894
GameObject:
  m_ObjectHideFlags: 1
  m_PrefabParentObject: {fileID: 0}
  m_PrefabInternal: {fileID: 100100000}
  serializedVersion: 4
  m_Component:
  - 4: {fileID: 427276}
  m_Layer: 8
  m_Name: mixamorig:RightHandThumb2
  m_TagString: Untagged
  m_Icon: {fileID: 0}
  m_NavMeshLayer: 0
  m_StaticEditorFlags: 0
  m_IsActive: 1
--- !u!1 &108020
GameObject:
  m_ObjectHideFlags: 1
  m_PrefabParentObject: {fileID: 0}
  m_PrefabInternal: {fileID: 100100000}
  serializedVersion: 4
  m_Component:
  - 4: {fileID: 436530}
  m_Layer: 8
  m_Name: mixamorig:RightHandMiddle3
  m_TagString: Untagged
  m_Icon: {fileID: 0}
  m_NavMeshLayer: 0
  m_StaticEditorFlags: 0
  m_IsActive: 1
--- !u!1 &108226
GameObject:
  m_ObjectHideFlags: 0
  m_PrefabParentObject: {fileID: 0}
  m_PrefabInternal: {fileID: 100100000}
  serializedVersion: 4
  m_Component:
  - 4: {fileID: 457368}
  - 137: {fileID: 13771054}
  m_Layer: 0
  m_Name: Outfit
  m_TagString: Untagged
  m_Icon: {fileID: 0}
  m_NavMeshLayer: 0
  m_StaticEditorFlags: 0
  m_IsActive: 1
--- !u!1 &111634
GameObject:
  m_ObjectHideFlags: 1
  m_PrefabParentObject: {fileID: 0}
  m_PrefabInternal: {fileID: 100100000}
  serializedVersion: 4
  m_Component:
  - 4: {fileID: 412226}
  m_Layer: 8
  m_Name: mixamorig:HeadTop_End
  m_TagString: Untagged
  m_Icon: {fileID: 0}
  m_NavMeshLayer: 0
  m_StaticEditorFlags: 0
  m_IsActive: 1
--- !u!1 &111904
GameObject:
  m_ObjectHideFlags: 1
  m_PrefabParentObject: {fileID: 0}
  m_PrefabInternal: {fileID: 100100000}
  serializedVersion: 4
  m_Component:
  - 4: {fileID: 430900}
  m_Layer: 11
  m_Name: bodyCollider
  m_TagString: Untagged
  m_Icon: {fileID: 0}
  m_NavMeshLayer: 0
  m_StaticEditorFlags: 0
  m_IsActive: 1
--- !u!1 &111918
GameObject:
  m_ObjectHideFlags: 1
  m_PrefabParentObject: {fileID: 0}
  m_PrefabInternal: {fileID: 100100000}
  serializedVersion: 4
  m_Component:
  - 4: {fileID: 417638}
  m_Layer: 8
  m_Name: mixamorig:LeftHandMiddle2
  m_TagString: Untagged
  m_Icon: {fileID: 0}
  m_NavMeshLayer: 0
  m_StaticEditorFlags: 0
  m_IsActive: 1
--- !u!1 &115940
GameObject:
  m_ObjectHideFlags: 0
  m_PrefabParentObject: {fileID: 0}
  m_PrefabInternal: {fileID: 100100000}
  serializedVersion: 4
  m_Component:
  - 4: {fileID: 425718}
  - 33: {fileID: 3376782}
  - 65: {fileID: 6527932}
  m_Layer: 10
  m_Name: blockCube
  m_TagString: Untagged
  m_Icon: {fileID: 0}
  m_NavMeshLayer: 0
  m_StaticEditorFlags: 0
  m_IsActive: 1
--- !u!1 &117234
GameObject:
  m_ObjectHideFlags: 1
  m_PrefabParentObject: {fileID: 0}
  m_PrefabInternal: {fileID: 100100000}
  serializedVersion: 4
  m_Component:
  - 4: {fileID: 403228}
  m_Layer: 8
  m_Name: mixamorig:LeftHandPinky1
  m_TagString: Untagged
  m_Icon: {fileID: 0}
  m_NavMeshLayer: 0
  m_StaticEditorFlags: 0
  m_IsActive: 1
--- !u!1 &117870
GameObject:
  m_ObjectHideFlags: 1
  m_PrefabParentObject: {fileID: 0}
  m_PrefabInternal: {fileID: 100100000}
  serializedVersion: 4
  m_Component:
  - 4: {fileID: 443128}
  m_Layer: 8
  m_Name: mixamorig:Spine2
  m_TagString: Untagged
  m_Icon: {fileID: 0}
  m_NavMeshLayer: 0
  m_StaticEditorFlags: 0
  m_IsActive: 1
--- !u!1 &120052
GameObject:
  m_ObjectHideFlags: 1
  m_PrefabParentObject: {fileID: 0}
  m_PrefabInternal: {fileID: 100100000}
  serializedVersion: 4
  m_Component:
  - 4: {fileID: 430400}
  - 33: {fileID: 3398272}
  - 23: {fileID: 2362842}
  - 65: {fileID: 6552728}
  - 114: {fileID: 11413254}
  m_Layer: 9
  m_Name: dagger
  m_TagString: Untagged
  m_Icon: {fileID: 0}
  m_NavMeshLayer: 0
  m_StaticEditorFlags: 0
  m_IsActive: 1
--- !u!1 &120316
GameObject:
  m_ObjectHideFlags: 1
  m_PrefabParentObject: {fileID: 0}
  m_PrefabInternal: {fileID: 100100000}
  serializedVersion: 4
  m_Component:
  - 4: {fileID: 425074}
  m_Layer: 8
  m_Name: mixamorig:LeftToeBase
  m_TagString: Untagged
  m_Icon: {fileID: 0}
  m_NavMeshLayer: 0
  m_StaticEditorFlags: 0
  m_IsActive: 1
--- !u!1 &127098
GameObject:
  m_ObjectHideFlags: 1
  m_PrefabParentObject: {fileID: 0}
  m_PrefabInternal: {fileID: 100100000}
  serializedVersion: 4
  m_Component:
  - 4: {fileID: 467546}
  m_Layer: 8
  m_Name: mixamorig:LeftLeg
  m_TagString: Untagged
  m_Icon: {fileID: 0}
  m_NavMeshLayer: 0
  m_StaticEditorFlags: 0
  m_IsActive: 1
--- !u!1 &127766
GameObject:
  m_ObjectHideFlags: 1
  m_PrefabParentObject: {fileID: 0}
  m_PrefabInternal: {fileID: 100100000}
  serializedVersion: 4
  m_Component:
  - 4: {fileID: 460646}
  - 33: {fileID: 3332570}
  - 65: {fileID: 6566468}
  - 23: {fileID: 2395356}
  m_Layer: 11
  m_Name: leftLeg
  m_TagString: Untagged
  m_Icon: {fileID: 0}
  m_NavMeshLayer: 0
  m_StaticEditorFlags: 0
  m_IsActive: 0
--- !u!1 &128594
GameObject:
  m_ObjectHideFlags: 1
  m_PrefabParentObject: {fileID: 0}
  m_PrefabInternal: {fileID: 100100000}
  serializedVersion: 4
  m_Component:
  - 4: {fileID: 439698}
  m_Layer: 8
  m_Name: mixamorig:LeftForeArm
  m_TagString: Untagged
  m_Icon: {fileID: 0}
  m_NavMeshLayer: 0
  m_StaticEditorFlags: 0
  m_IsActive: 1
--- !u!1 &130818
GameObject:
  m_ObjectHideFlags: 1
  m_PrefabParentObject: {fileID: 0}
  m_PrefabInternal: {fileID: 100100000}
  serializedVersion: 4
  m_Component:
  - 4: {fileID: 459556}
  m_Layer: 8
  m_Name: mixamorig:LeftHand
  m_TagString: Untagged
  m_Icon: {fileID: 0}
  m_NavMeshLayer: 0
  m_StaticEditorFlags: 0
  m_IsActive: 1
--- !u!1 &132636
GameObject:
  m_ObjectHideFlags: 1
  m_PrefabParentObject: {fileID: 0}
  m_PrefabInternal: {fileID: 100100000}
  serializedVersion: 4
  m_Component:
  - 4: {fileID: 412826}
  m_Layer: 8
  m_Name: mixamorig:RightForeArm
  m_TagString: Untagged
  m_Icon: {fileID: 0}
  m_NavMeshLayer: 0
  m_StaticEditorFlags: 0
  m_IsActive: 1
--- !u!1 &132748
GameObject:
  m_ObjectHideFlags: 1
  m_PrefabParentObject: {fileID: 0}
  m_PrefabInternal: {fileID: 100100000}
  serializedVersion: 4
  m_Component:
  - 4: {fileID: 480212}
  m_Layer: 8
  m_Name: mixamorig:RightHandRing2
  m_TagString: Untagged
  m_Icon: {fileID: 0}
  m_NavMeshLayer: 0
  m_StaticEditorFlags: 0
  m_IsActive: 1
--- !u!1 &135160
GameObject:
  m_ObjectHideFlags: 1
  m_PrefabParentObject: {fileID: 0}
  m_PrefabInternal: {fileID: 100100000}
  serializedVersion: 4
  m_Component:
  - 4: {fileID: 418136}
  m_Layer: 8
  m_Name: mixamorig:LeftArm
  m_TagString: Untagged
  m_Icon: {fileID: 0}
  m_NavMeshLayer: 0
  m_StaticEditorFlags: 0
  m_IsActive: 1
--- !u!1 &136868
GameObject:
  m_ObjectHideFlags: 1
  m_PrefabParentObject: {fileID: 0}
  m_PrefabInternal: {fileID: 100100000}
  serializedVersion: 4
  m_Component:
  - 4: {fileID: 417932}
  m_Layer: 8
  m_Name: mixamorig:RightHandMiddle1
  m_TagString: Untagged
  m_Icon: {fileID: 0}
  m_NavMeshLayer: 0
  m_StaticEditorFlags: 0
  m_IsActive: 1
--- !u!1 &137398
GameObject:
  m_ObjectHideFlags: 0
  m_PrefabParentObject: {fileID: 0}
  m_PrefabInternal: {fileID: 100100000}
  serializedVersion: 4
  m_Component:
  - 4: {fileID: 420530}
  - 95: {fileID: 9506238}
  - 54: {fileID: 5478522}
  - 136: {fileID: 13689772}
  - 195: {fileID: 19529904}
  - 114: {fileID: 11425404}
  - 114: {fileID: 11465092}
  - 114: {fileID: 11458466}
  - 114: {fileID: 11499966}
  - 114: {fileID: 11465612}
  m_Layer: 8
  m_Name: Rauber2
  m_TagString: Untagged
  m_Icon: {fileID: 0}
  m_NavMeshLayer: 0
  m_StaticEditorFlags: 0
  m_IsActive: 1
--- !u!1 &141072
GameObject:
  m_ObjectHideFlags: 1
  m_PrefabParentObject: {fileID: 0}
  m_PrefabInternal: {fileID: 100100000}
  serializedVersion: 4
  m_Component:
  - 4: {fileID: 478586}
  m_Layer: 8
  m_Name: mixamorig:RightLeg
  m_TagString: Untagged
  m_Icon: {fileID: 0}
  m_NavMeshLayer: 0
  m_StaticEditorFlags: 0
  m_IsActive: 1
--- !u!1 &142448
GameObject:
  m_ObjectHideFlags: 1
  m_PrefabParentObject: {fileID: 0}
  m_PrefabInternal: {fileID: 100100000}
  serializedVersion: 4
  m_Component:
  - 4: {fileID: 489570}
  m_Layer: 8
  m_Name: mixamorig:RightHandRing4
  m_TagString: Untagged
  m_Icon: {fileID: 0}
  m_NavMeshLayer: 0
  m_StaticEditorFlags: 0
  m_IsActive: 1
--- !u!1 &142900
GameObject:
  m_ObjectHideFlags: 1
  m_PrefabParentObject: {fileID: 0}
  m_PrefabInternal: {fileID: 100100000}
  serializedVersion: 4
  m_Component:
  - 4: {fileID: 488874}
  m_Layer: 8
  m_Name: mixamorig:LeftFoot
  m_TagString: Untagged
  m_Icon: {fileID: 0}
  m_NavMeshLayer: 0
  m_StaticEditorFlags: 0
  m_IsActive: 1
--- !u!1 &143324
GameObject:
  m_ObjectHideFlags: 1
  m_PrefabParentObject: {fileID: 0}
  m_PrefabInternal: {fileID: 100100000}
  serializedVersion: 4
  m_Component:
  - 4: {fileID: 481694}
  m_Layer: 8
  m_Name: mixamorig:RightToeBase
  m_TagString: Untagged
  m_Icon: {fileID: 0}
  m_NavMeshLayer: 0
  m_StaticEditorFlags: 0
  m_IsActive: 1
--- !u!1 &144454
GameObject:
  m_ObjectHideFlags: 1
  m_PrefabParentObject: {fileID: 0}
  m_PrefabInternal: {fileID: 100100000}
  serializedVersion: 4
  m_Component:
  - 4: {fileID: 410298}
  m_Layer: 8
  m_Name: mixamorig:RightHandIndex2
  m_TagString: Untagged
  m_Icon: {fileID: 0}
  m_NavMeshLayer: 0
  m_StaticEditorFlags: 0
  m_IsActive: 1
--- !u!1 &145670
GameObject:
  m_ObjectHideFlags: 1
  m_PrefabParentObject: {fileID: 0}
  m_PrefabInternal: {fileID: 100100000}
  serializedVersion: 4
  m_Component:
  - 4: {fileID: 457356}
  m_Layer: 8
  m_Name: mixamorig:Spine
  m_TagString: Untagged
  m_Icon: {fileID: 0}
  m_NavMeshLayer: 0
  m_StaticEditorFlags: 0
  m_IsActive: 1
--- !u!1 &146580
GameObject:
  m_ObjectHideFlags: 1
  m_PrefabParentObject: {fileID: 0}
  m_PrefabInternal: {fileID: 100100000}
  serializedVersion: 4
  m_Component:
  - 4: {fileID: 461576}
  m_Layer: 8
  m_Name: mixamorig:LeftHandRing3
  m_TagString: Untagged
  m_Icon: {fileID: 0}
  m_NavMeshLayer: 0
  m_StaticEditorFlags: 0
  m_IsActive: 1
--- !u!1 &147700
GameObject:
  m_ObjectHideFlags: 1
  m_PrefabParentObject: {fileID: 0}
  m_PrefabInternal: {fileID: 100100000}
  serializedVersion: 4
  m_Component:
  - 4: {fileID: 468576}
  m_Layer: 8
  m_Name: mixamorig:LeftHandThumb3
  m_TagString: Untagged
  m_Icon: {fileID: 0}
  m_NavMeshLayer: 0
  m_StaticEditorFlags: 0
  m_IsActive: 1
--- !u!1 &149726
GameObject:
  m_ObjectHideFlags: 1
  m_PrefabParentObject: {fileID: 0}
  m_PrefabInternal: {fileID: 100100000}
  serializedVersion: 4
  m_Component:
  - 4: {fileID: 498976}
  m_Layer: 8
  m_Name: mixamorig:RightUpLeg
  m_TagString: Untagged
  m_Icon: {fileID: 0}
  m_NavMeshLayer: 0
  m_StaticEditorFlags: 0
  m_IsActive: 1
--- !u!1 &150226
GameObject:
  m_ObjectHideFlags: 1
  m_PrefabParentObject: {fileID: 0}
  m_PrefabInternal: {fileID: 100100000}
  serializedVersion: 4
  m_Component:
  - 4: {fileID: 435320}
  m_Layer: 8
  m_Name: mixamorig:RightArm
  m_TagString: Untagged
  m_Icon: {fileID: 0}
  m_NavMeshLayer: 0
  m_StaticEditorFlags: 0
  m_IsActive: 1
--- !u!1 &152058
GameObject:
  m_ObjectHideFlags: 1
  m_PrefabParentObject: {fileID: 0}
  m_PrefabInternal: {fileID: 100100000}
  serializedVersion: 4
  m_Component:
  - 4: {fileID: 433830}
  m_Layer: 8
  m_Name: mixamorig:RightShoulder
  m_TagString: Untagged
  m_Icon: {fileID: 0}
  m_NavMeshLayer: 0
  m_StaticEditorFlags: 0
  m_IsActive: 1
--- !u!1 &153510
GameObject:
  m_ObjectHideFlags: 1
  m_PrefabParentObject: {fileID: 0}
  m_PrefabInternal: {fileID: 100100000}
  serializedVersion: 4
  m_Component:
  - 4: {fileID: 407750}
  m_Layer: 8
  m_Name: mixamorig:LeftHandMiddle1
  m_TagString: Untagged
  m_Icon: {fileID: 0}
  m_NavMeshLayer: 0
  m_StaticEditorFlags: 0
  m_IsActive: 1
--- !u!1 &155410
GameObject:
  m_ObjectHideFlags: 1
  m_PrefabParentObject: {fileID: 0}
  m_PrefabInternal: {fileID: 100100000}
  serializedVersion: 4
  m_Component:
  - 4: {fileID: 426840}
  m_Layer: 8
  m_Name: mixamorig:RightHandPinky4
  m_TagString: Untagged
  m_Icon: {fileID: 0}
  m_NavMeshLayer: 0
  m_StaticEditorFlags: 0
  m_IsActive: 1
--- !u!1 &157024
GameObject:
  m_ObjectHideFlags: 1
  m_PrefabParentObject: {fileID: 0}
  m_PrefabInternal: {fileID: 100100000}
  serializedVersion: 4
  m_Component:
  - 4: {fileID: 427942}
  - 33: {fileID: 3345100}
  - 65: {fileID: 6594612}
  - 23: {fileID: 2316182}
  m_Layer: 11
  m_Name: head
  m_TagString: Untagged
  m_Icon: {fileID: 0}
  m_NavMeshLayer: 0
  m_StaticEditorFlags: 0
  m_IsActive: 1
--- !u!1 &160078
GameObject:
  m_ObjectHideFlags: 1
  m_PrefabParentObject: {fileID: 0}
  m_PrefabInternal: {fileID: 100100000}
  serializedVersion: 4
  m_Component:
  - 4: {fileID: 485140}
  m_Layer: 8
  m_Name: mixamorig:LeftHandThumb2
  m_TagString: Untagged
  m_Icon: {fileID: 0}
  m_NavMeshLayer: 0
  m_StaticEditorFlags: 0
  m_IsActive: 1
--- !u!1 &160116
GameObject:
  m_ObjectHideFlags: 1
  m_PrefabParentObject: {fileID: 0}
  m_PrefabInternal: {fileID: 100100000}
  serializedVersion: 4
  m_Component:
  - 4: {fileID: 439832}
  m_Layer: 8
  m_Name: mixamorig:RightHandPinky1
  m_TagString: Untagged
  m_Icon: {fileID: 0}
  m_NavMeshLayer: 0
  m_StaticEditorFlags: 0
  m_IsActive: 1
--- !u!1 &160128
GameObject:
  m_ObjectHideFlags: 1
  m_PrefabParentObject: {fileID: 0}
  m_PrefabInternal: {fileID: 100100000}
  serializedVersion: 4
  m_Component:
  - 4: {fileID: 410342}
  m_Layer: 8
  m_Name: mixamorig:RightHandMiddle4
  m_TagString: Untagged
  m_Icon: {fileID: 0}
  m_NavMeshLayer: 0
  m_StaticEditorFlags: 0
  m_IsActive: 1
--- !u!1 &160638
GameObject:
  m_ObjectHideFlags: 1
  m_PrefabParentObject: {fileID: 0}
  m_PrefabInternal: {fileID: 100100000}
  serializedVersion: 4
  m_Component:
  - 4: {fileID: 413412}
  m_Layer: 8
  m_Name: mixamorig:LeftHandThumb4
  m_TagString: Untagged
  m_Icon: {fileID: 0}
  m_NavMeshLayer: 0
  m_StaticEditorFlags: 0
  m_IsActive: 1
--- !u!1 &161886
GameObject:
  m_ObjectHideFlags: 1
  m_PrefabParentObject: {fileID: 0}
  m_PrefabInternal: {fileID: 100100000}
  serializedVersion: 4
  m_Component:
  - 4: {fileID: 463650}
  m_Layer: 8
  m_Name: mixamorig:Head
  m_TagString: Untagged
  m_Icon: {fileID: 0}
  m_NavMeshLayer: 0
  m_StaticEditorFlags: 0
  m_IsActive: 1
--- !u!1 &162222
GameObject:
  m_ObjectHideFlags: 1
  m_PrefabParentObject: {fileID: 0}
  m_PrefabInternal: {fileID: 100100000}
  serializedVersion: 4
  m_Component:
  - 4: {fileID: 462538}
  - 33: {fileID: 3348168}
  - 65: {fileID: 6543472}
  - 23: {fileID: 2304968}
  m_Layer: 11
  m_Name: rightLeg
  m_TagString: Untagged
  m_Icon: {fileID: 0}
  m_NavMeshLayer: 0
  m_StaticEditorFlags: 0
  m_IsActive: 0
--- !u!1 &163818
GameObject:
  m_ObjectHideFlags: 1
  m_PrefabParentObject: {fileID: 0}
  m_PrefabInternal: {fileID: 100100000}
  serializedVersion: 4
  m_Component:
  - 4: {fileID: 465744}
  m_Layer: 8
  m_Name: mixamorig:LeftHandIndex1
  m_TagString: Untagged
  m_Icon: {fileID: 0}
  m_NavMeshLayer: 0
  m_StaticEditorFlags: 0
  m_IsActive: 1
--- !u!1 &165964
GameObject:
  m_ObjectHideFlags: 0
  m_PrefabParentObject: {fileID: 0}
  m_PrefabInternal: {fileID: 100100000}
  serializedVersion: 4
  m_Component:
  - 4: {fileID: 495542}
  m_Layer: 8
  m_Name: weapons
  m_TagString: Untagged
  m_Icon: {fileID: 0}
  m_NavMeshLayer: 0
  m_StaticEditorFlags: 0
  m_IsActive: 1
--- !u!1 &166954
GameObject:
  m_ObjectHideFlags: 1
  m_PrefabParentObject: {fileID: 0}
  m_PrefabInternal: {fileID: 100100000}
  serializedVersion: 4
  m_Component:
  - 4: {fileID: 423858}
  m_Layer: 8
  m_Name: mixamorig:RightHandThumb1
  m_TagString: Untagged
  m_Icon: {fileID: 0}
  m_NavMeshLayer: 0
  m_StaticEditorFlags: 0
  m_IsActive: 1
--- !u!1 &167416
GameObject:
  m_ObjectHideFlags: 1
  m_PrefabParentObject: {fileID: 0}
  m_PrefabInternal: {fileID: 100100000}
  serializedVersion: 4
  m_Component:
  - 4: {fileID: 490654}
  m_Layer: 8
  m_Name: mixamorig:LeftHandRing4
  m_TagString: Untagged
  m_Icon: {fileID: 0}
  m_NavMeshLayer: 0
  m_StaticEditorFlags: 0
  m_IsActive: 1
--- !u!1 &169418
GameObject:
  m_ObjectHideFlags: 1
  m_PrefabParentObject: {fileID: 0}
  m_PrefabInternal: {fileID: 100100000}
  serializedVersion: 4
  m_Component:
  - 4: {fileID: 437372}
  m_Layer: 8
  m_Name: mixamorig:RightHandIndex1
  m_TagString: Untagged
  m_Icon: {fileID: 0}
  m_NavMeshLayer: 0
  m_StaticEditorFlags: 0
  m_IsActive: 1
--- !u!1 &172274
GameObject:
  m_ObjectHideFlags: 1
  m_PrefabParentObject: {fileID: 0}
  m_PrefabInternal: {fileID: 100100000}
  serializedVersion: 4
  m_Component:
  - 4: {fileID: 461980}
  m_Layer: 8
  m_Name: mixamorig:LeftHandPinky2
  m_TagString: Untagged
  m_Icon: {fileID: 0}
  m_NavMeshLayer: 0
  m_StaticEditorFlags: 0
  m_IsActive: 1
--- !u!1 &172472
GameObject:
  m_ObjectHideFlags: 1
  m_PrefabParentObject: {fileID: 0}
  m_PrefabInternal: {fileID: 100100000}
  serializedVersion: 4
  m_Component:
  - 4: {fileID: 472064}
  m_Layer: 8
  m_Name: mixamorig:LeftHandIndex4
  m_TagString: Untagged
  m_Icon: {fileID: 0}
  m_NavMeshLayer: 0
  m_StaticEditorFlags: 0
  m_IsActive: 1
--- !u!1 &173144
GameObject:
  m_ObjectHideFlags: 1
  m_PrefabParentObject: {fileID: 0}
  m_PrefabInternal: {fileID: 100100000}
  serializedVersion: 4
  m_Component:
  - 4: {fileID: 467156}
  - 33: {fileID: 3301000}
  - 65: {fileID: 6564706}
  - 23: {fileID: 2387172}
  m_Layer: 11
  m_Name: body
  m_TagString: Untagged
  m_Icon: {fileID: 0}
  m_NavMeshLayer: 0
  m_StaticEditorFlags: 0
  m_IsActive: 1
--- !u!1 &173346
GameObject:
  m_ObjectHideFlags: 1
  m_PrefabParentObject: {fileID: 0}
  m_PrefabInternal: {fileID: 100100000}
  serializedVersion: 4
  m_Component:
  - 4: {fileID: 488848}
  m_Layer: 8
  m_Name: mixamorig:RightHand
  m_TagString: Untagged
  m_Icon: {fileID: 0}
  m_NavMeshLayer: 0
  m_StaticEditorFlags: 0
  m_IsActive: 1
--- !u!1 &173980
GameObject:
  m_ObjectHideFlags: 1
  m_PrefabParentObject: {fileID: 0}
  m_PrefabInternal: {fileID: 100100000}
  serializedVersion: 4
  m_Component:
  - 4: {fileID: 483990}
  m_Layer: 8
  m_Name: mixamorig:RightHandRing3
  m_TagString: Untagged
  m_Icon: {fileID: 0}
  m_NavMeshLayer: 0
  m_StaticEditorFlags: 0
  m_IsActive: 1
--- !u!1 &174960
GameObject:
  m_ObjectHideFlags: 1
  m_PrefabParentObject: {fileID: 0}
  m_PrefabInternal: {fileID: 100100000}
  serializedVersion: 4
  m_Component:
  - 4: {fileID: 440510}
  m_Layer: 8
  m_Name: mixamorig:LeftHandIndex2
  m_TagString: Untagged
  m_Icon: {fileID: 0}
  m_NavMeshLayer: 0
  m_StaticEditorFlags: 0
  m_IsActive: 1
--- !u!1 &175310
GameObject:
  m_ObjectHideFlags: 1
  m_PrefabParentObject: {fileID: 0}
  m_PrefabInternal: {fileID: 100100000}
  serializedVersion: 4
  m_Component:
  - 4: {fileID: 483840}
  m_Layer: 8
  m_Name: mixamorig:RightHandPinky2
  m_TagString: Untagged
  m_Icon: {fileID: 0}
  m_NavMeshLayer: 0
  m_StaticEditorFlags: 0
  m_IsActive: 1
--- !u!1 &176000
GameObject:
  m_ObjectHideFlags: 1
  m_PrefabParentObject: {fileID: 0}
  m_PrefabInternal: {fileID: 100100000}
  serializedVersion: 4
  m_Component:
  - 4: {fileID: 498692}
  m_Layer: 8
  m_Name: mixamorig:LeftUpLeg
  m_TagString: Untagged
  m_Icon: {fileID: 0}
  m_NavMeshLayer: 0
  m_StaticEditorFlags: 0
  m_IsActive: 1
--- !u!1 &176214
GameObject:
  m_ObjectHideFlags: 0
  m_PrefabParentObject: {fileID: 0}
  m_PrefabInternal: {fileID: 100100000}
  serializedVersion: 4
  m_Component:
  - 4: {fileID: 492018}
  m_Layer: 8
  m_Name: mixamorig:Hips
  m_TagString: Untagged
  m_Icon: {fileID: 0}
  m_NavMeshLayer: 0
  m_StaticEditorFlags: 0
  m_IsActive: 1
--- !u!1 &177040
GameObject:
  m_ObjectHideFlags: 1
  m_PrefabParentObject: {fileID: 0}
  m_PrefabInternal: {fileID: 100100000}
  serializedVersion: 4
  m_Component:
  - 4: {fileID: 488360}
  m_Layer: 8
  m_Name: mixamorig:LeftHandRing2
  m_TagString: Untagged
  m_Icon: {fileID: 0}
  m_NavMeshLayer: 0
  m_StaticEditorFlags: 0
  m_IsActive: 1
--- !u!1 &177374
GameObject:
  m_ObjectHideFlags: 1
  m_PrefabParentObject: {fileID: 0}
  m_PrefabInternal: {fileID: 100100000}
  serializedVersion: 4
  m_Component:
  - 4: {fileID: 468766}
  m_Layer: 8
  m_Name: mixamorig:RightFoot
  m_TagString: Untagged
  m_Icon: {fileID: 0}
  m_NavMeshLayer: 0
  m_StaticEditorFlags: 0
  m_IsActive: 1
--- !u!1 &178402
GameObject:
  m_ObjectHideFlags: 1
  m_PrefabParentObject: {fileID: 0}
  m_PrefabInternal: {fileID: 100100000}
  serializedVersion: 4
  m_Component:
  - 4: {fileID: 474272}
  m_Layer: 8
  m_Name: mixamorig:RightHandIndex3
  m_TagString: Untagged
  m_Icon: {fileID: 0}
  m_NavMeshLayer: 0
  m_StaticEditorFlags: 0
  m_IsActive: 1
--- !u!1 &179230
GameObject:
  m_ObjectHideFlags: 1
  m_PrefabParentObject: {fileID: 0}
  m_PrefabInternal: {fileID: 100100000}
  serializedVersion: 4
  m_Component:
  - 4: {fileID: 413894}
  m_Layer: 8
  m_Name: mixamorig:RightHandIndex4
  m_TagString: Untagged
  m_Icon: {fileID: 0}
  m_NavMeshLayer: 0
  m_StaticEditorFlags: 0
  m_IsActive: 1
--- !u!1 &179830
GameObject:
  m_ObjectHideFlags: 1
  m_PrefabParentObject: {fileID: 0}
  m_PrefabInternal: {fileID: 100100000}
  serializedVersion: 4
  m_Component:
  - 4: {fileID: 413410}
  m_Layer: 8
  m_Name: mixamorig:LeftShoulder
  m_TagString: Untagged
  m_Icon: {fileID: 0}
  m_NavMeshLayer: 0
  m_StaticEditorFlags: 0
  m_IsActive: 1
--- !u!1 &181788
GameObject:
  m_ObjectHideFlags: 1
  m_PrefabParentObject: {fileID: 0}
  m_PrefabInternal: {fileID: 100100000}
  serializedVersion: 4
  m_Component:
  - 4: {fileID: 447118}
  m_Layer: 8
  m_Name: mixamorig:LeftHandIndex3
  m_TagString: Untagged
  m_Icon: {fileID: 0}
  m_NavMeshLayer: 0
  m_StaticEditorFlags: 0
  m_IsActive: 1
--- !u!1 &182350
GameObject:
  m_ObjectHideFlags: 1
  m_PrefabParentObject: {fileID: 0}
  m_PrefabInternal: {fileID: 100100000}
  serializedVersion: 4
  m_Component:
  - 4: {fileID: 452274}
  - 33: {fileID: 3346378}
  - 23: {fileID: 2392926}
  - 65: {fileID: 6593094}
  - 114: {fileID: 11444994}
  m_Layer: 9
  m_Name: cudgel
  m_TagString: Untagged
  m_Icon: {fileID: 0}
  m_NavMeshLayer: 0
  m_StaticEditorFlags: 0
  m_IsActive: 1
--- !u!1 &183874
GameObject:
  m_ObjectHideFlags: 1
  m_PrefabParentObject: {fileID: 0}
  m_PrefabInternal: {fileID: 100100000}
  serializedVersion: 4
  m_Component:
  - 4: {fileID: 421518}
  m_Layer: 8
  m_Name: mixamorig:RightHandPinky3
  m_TagString: Untagged
  m_Icon: {fileID: 0}
  m_NavMeshLayer: 0
  m_StaticEditorFlags: 0
  m_IsActive: 1
--- !u!1 &184106
GameObject:
  m_ObjectHideFlags: 1
  m_PrefabParentObject: {fileID: 0}
  m_PrefabInternal: {fileID: 100100000}
  serializedVersion: 4
  m_Component:
  - 4: {fileID: 473258}
  m_Layer: 8
  m_Name: mixamorig:RightHandRing1
  m_TagString: Untagged
  m_Icon: {fileID: 0}
  m_NavMeshLayer: 0
  m_StaticEditorFlags: 0
  m_IsActive: 1
--- !u!1 &187216
GameObject:
  m_ObjectHideFlags: 1
  m_PrefabParentObject: {fileID: 0}
  m_PrefabInternal: {fileID: 100100000}
  serializedVersion: 4
  m_Component:
  - 4: {fileID: 436174}
  m_Layer: 8
  m_Name: mixamorig:LeftHandThumb1
  m_TagString: Untagged
  m_Icon: {fileID: 0}
  m_NavMeshLayer: 0
  m_StaticEditorFlags: 0
  m_IsActive: 1
--- !u!1 &189344
GameObject:
  m_ObjectHideFlags: 1
  m_PrefabParentObject: {fileID: 0}
  m_PrefabInternal: {fileID: 100100000}
  serializedVersion: 4
  m_Component:
  - 4: {fileID: 482600}
  m_Layer: 8
  m_Name: mixamorig:LeftHandRing1
  m_TagString: Untagged
  m_Icon: {fileID: 0}
  m_NavMeshLayer: 0
  m_StaticEditorFlags: 0
  m_IsActive: 1
--- !u!1 &192254
GameObject:
  m_ObjectHideFlags: 1
  m_PrefabParentObject: {fileID: 0}
  m_PrefabInternal: {fileID: 100100000}
  serializedVersion: 4
  m_Component:
  - 4: {fileID: 450604}
  m_Layer: 8
  m_Name: mixamorig:Neck
  m_TagString: Untagged
  m_Icon: {fileID: 0}
  m_NavMeshLayer: 0
  m_StaticEditorFlags: 0
  m_IsActive: 1
--- !u!1 &192296
GameObject:
  m_ObjectHideFlags: 0
  m_PrefabParentObject: {fileID: 0}
  m_PrefabInternal: {fileID: 100100000}
  serializedVersion: 4
  m_Component:
  - 4: {fileID: 402902}
  - 137: {fileID: 13765840}
  m_Layer: 0
  m_Name: Skin
  m_TagString: Untagged
  m_Icon: {fileID: 0}
  m_NavMeshLayer: 0
  m_StaticEditorFlags: 0
  m_IsActive: 1
--- !u!1 &193396
GameObject:
  m_ObjectHideFlags: 1
  m_PrefabParentObject: {fileID: 0}
  m_PrefabInternal: {fileID: 100100000}
  serializedVersion: 4
  m_Component:
  - 4: {fileID: 486492}
  - 33: {fileID: 3369638}
  - 65: {fileID: 6504278}
  - 23: {fileID: 2362820}
  m_Layer: 11
  m_Name: shoulders
  m_TagString: Untagged
  m_Icon: {fileID: 0}
  m_NavMeshLayer: 0
  m_StaticEditorFlags: 0
  m_IsActive: 1
--- !u!1 &195390
GameObject:
  m_ObjectHideFlags: 1
  m_PrefabParentObject: {fileID: 0}
  m_PrefabInternal: {fileID: 100100000}
  serializedVersion: 4
  m_Component:
  - 4: {fileID: 442672}
  m_Layer: 8
  m_Name: mixamorig:LeftHandMiddle3
  m_TagString: Untagged
  m_Icon: {fileID: 0}
  m_NavMeshLayer: 0
  m_StaticEditorFlags: 0
  m_IsActive: 1
--- !u!1 &196932
GameObject:
  m_ObjectHideFlags: 0
  m_PrefabParentObject: {fileID: 0}
  m_PrefabInternal: {fileID: 100100000}
  serializedVersion: 4
  m_Component:
  - 224: {fileID: 22445624}
  - 222: {fileID: 22233424}
  - 114: {fileID: 11466208}
  - 132: {fileID: 13258222}
  - 114: {fileID: 11455448}
  m_Layer: 5
  m_Name: Name
  m_TagString: Untagged
  m_Icon: {fileID: 0}
  m_NavMeshLayer: 0
  m_StaticEditorFlags: 0
  m_IsActive: 1
--- !u!1 &196988
GameObject:
  m_ObjectHideFlags: 1
  m_PrefabParentObject: {fileID: 0}
  m_PrefabInternal: {fileID: 100100000}
  serializedVersion: 4
  m_Component:
  - 4: {fileID: 435686}
  m_Layer: 8
  m_Name: mixamorig:RightHandThumb3
  m_TagString: Untagged
  m_Icon: {fileID: 0}
  m_NavMeshLayer: 0
  m_StaticEditorFlags: 0
  m_IsActive: 1
--- !u!1 &198314
GameObject:
  m_ObjectHideFlags: 1
  m_PrefabParentObject: {fileID: 0}
  m_PrefabInternal: {fileID: 100100000}
  serializedVersion: 4
  m_Component:
  - 4: {fileID: 496528}
  m_Layer: 8
  m_Name: mixamorig:RightHandThumb4
  m_TagString: Untagged
  m_Icon: {fileID: 0}
  m_NavMeshLayer: 0
  m_StaticEditorFlags: 0
  m_IsActive: 1
--- !u!1 &198892
GameObject:
  m_ObjectHideFlags: 1
  m_PrefabParentObject: {fileID: 0}
  m_PrefabInternal: {fileID: 100100000}
  serializedVersion: 4
  m_Component:
  - 4: {fileID: 413046}
  m_Layer: 8
  m_Name: mixamorig:RightToe_End
  m_TagString: Untagged
  m_Icon: {fileID: 0}
  m_NavMeshLayer: 0
  m_StaticEditorFlags: 0
  m_IsActive: 1
--- !u!1 &198994
GameObject:
  m_ObjectHideFlags: 1
  m_PrefabParentObject: {fileID: 0}
  m_PrefabInternal: {fileID: 100100000}
  serializedVersion: 4
  m_Component:
  - 4: {fileID: 480360}
  m_Layer: 8
  m_Name: mixamorig:LeftHandPinky4
  m_TagString: Untagged
  m_Icon: {fileID: 0}
  m_NavMeshLayer: 0
  m_StaticEditorFlags: 0
  m_IsActive: 1
--- !u!1 &199642
GameObject:
  m_ObjectHideFlags: 1
  m_PrefabParentObject: {fileID: 0}
  m_PrefabInternal: {fileID: 100100000}
  serializedVersion: 4
  m_Component:
  - 4: {fileID: 438392}
  m_Layer: 8
  m_Name: mixamorig:Spine1
  m_TagString: Untagged
  m_Icon: {fileID: 0}
  m_NavMeshLayer: 0
  m_StaticEditorFlags: 0
  m_IsActive: 1
--- !u!4 &402902
Transform:
  m_ObjectHideFlags: 1
  m_PrefabParentObject: {fileID: 0}
  m_PrefabInternal: {fileID: 100100000}
  m_GameObject: {fileID: 192296}
  m_LocalRotation: {x: 0, y: 0, z: 0, w: 1}
  m_LocalPosition: {x: 0, y: 0, z: 0}
  m_LocalScale: {x: 1, y: 1, z: 1}
  m_Children: []
  m_Father: {fileID: 420530}
  m_RootOrder: 2
--- !u!4 &403228
Transform:
  m_ObjectHideFlags: 1
  m_PrefabParentObject: {fileID: 0}
  m_PrefabInternal: {fileID: 100100000}
  m_GameObject: {fileID: 117234}
  m_LocalRotation: {x: -0.014580049, y: 0.008938343, z: -0.034929957, w: 0.99924344}
  m_LocalPosition: {x: -0.034445483, y: 0.121555716, z: 0.00032517698}
  m_LocalScale: {x: 1, y: 1, z: 1}
  m_Children:
  - {fileID: 461980}
  m_Father: {fileID: 459556}
  m_RootOrder: 2
--- !u!4 &403578
Transform:
  m_ObjectHideFlags: 1
  m_PrefabParentObject: {fileID: 0}
  m_PrefabInternal: {fileID: 100100000}
  m_GameObject: {fileID: 104046}
  m_LocalRotation: {x: -0.0000001153927, y: 0.0000019669087, z: -0.00033503768, w: 0.99999994}
  m_LocalPosition: {x: 0.000010513812, y: 0.030741898, z: 3.8022518e-10}
  m_LocalScale: {x: 1, y: 1, z: 1}
  m_Children:
  - {fileID: 436530}
  m_Father: {fileID: 417932}
  m_RootOrder: 0
--- !u!4 &407750
Transform:
  m_ObjectHideFlags: 1
  m_PrefabParentObject: {fileID: 0}
  m_PrefabInternal: {fileID: 100100000}
  m_GameObject: {fileID: 153510}
  m_LocalRotation: {x: -0.014837809, y: 0.0039561065, z: -0.04161069, w: 0.9990159}
  m_LocalPosition: {x: 0.01130062, y: 0.1376916, z: -0.0041418616}
  m_LocalScale: {x: 1, y: 1, z: 1}
  m_Children:
  - {fileID: 417638}
  m_Father: {fileID: 459556}
  m_RootOrder: 1
--- !u!4 &410298
Transform:
  m_ObjectHideFlags: 1
  m_PrefabParentObject: {fileID: 0}
  m_PrefabInternal: {fileID: 100100000}
  m_GameObject: {fileID: 144454}
  m_LocalRotation: {x: -0.00000026408355, y: -0.000009069777, z: -0.0019942522, w: 0.99999803}
  m_LocalPosition: {x: 0.000051747633, y: 0.028925303, z: 6.396987e-10}
  m_LocalScale: {x: 1, y: 1, z: 1}
  m_Children:
  - {fileID: 474272}
  m_Father: {fileID: 437372}
  m_RootOrder: 0
--- !u!4 &410342
Transform:
  m_ObjectHideFlags: 1
  m_PrefabParentObject: {fileID: 0}
  m_PrefabInternal: {fileID: 100100000}
  m_GameObject: {fileID: 160128}
  m_LocalRotation: {x: 0, y: 0, z: 0, w: 1}
  m_LocalPosition: {x: -0.0000013165202, y: 0.024660671, z: 0.000000001231156}
  m_LocalScale: {x: 1, y: 1, z: 1}
  m_Children: []
  m_Father: {fileID: 436530}
  m_RootOrder: 0
--- !u!4 &412226
Transform:
  m_ObjectHideFlags: 1
  m_PrefabParentObject: {fileID: 0}
  m_PrefabInternal: {fileID: 100100000}
  m_GameObject: {fileID: 111634}
  m_LocalRotation: {x: 0, y: 0, z: 0, w: 1}
  m_LocalPosition: {x: -0, y: 0.21240707, z: 0.088272676}
  m_LocalScale: {x: 1, y: 1, z: 1}
  m_Children:
  - {fileID: 427942}
  m_Father: {fileID: 463650}
  m_RootOrder: 0
--- !u!4 &412826
Transform:
  m_ObjectHideFlags: 1
  m_PrefabParentObject: {fileID: 0}
  m_PrefabInternal: {fileID: 100100000}
  m_GameObject: {fileID: 132636}
  m_LocalRotation: {x: 0.000000032644625, y: -0.10858046, z: -0.0000002991776, w: 0.9940877}
  m_LocalPosition: {x: 4.4344559e-10, y: 0.23950136, z: 1.5672373e-10}
  m_LocalScale: {x: 1, y: 1, z: 1}
  m_Children:
  - {fileID: 488848}
  m_Father: {fileID: 435320}
  m_RootOrder: 0
--- !u!4 &413046
Transform:
  m_ObjectHideFlags: 1
  m_PrefabParentObject: {fileID: 0}
  m_PrefabInternal: {fileID: 100100000}
  m_GameObject: {fileID: 198892}
  m_LocalRotation: {x: 0, y: 0, z: 0, w: 1}
  m_LocalPosition: {x: -1.952167e-10, y: 0.06978882, z: -8.241534e-12}
  m_LocalScale: {x: 1, y: 1, z: 1}
  m_Children: []
  m_Father: {fileID: 481694}
  m_RootOrder: 0
--- !u!4 &413410
Transform:
  m_ObjectHideFlags: 1
  m_PrefabParentObject: {fileID: 0}
  m_PrefabInternal: {fileID: 100100000}
  m_GameObject: {fileID: 179830}
  m_LocalRotation: {x: 0.5465735, y: -0.44242376, z: 0.5690277, w: 0.42629355}
  m_LocalPosition: {x: -0.070461445, y: 0.12172706, z: -0.0029386352}
  m_LocalScale: {x: 1, y: 1, z: 1}
  m_Children:
  - {fileID: 418136}
  m_Father: {fileID: 443128}
  m_RootOrder: 0
--- !u!4 &413412
Transform:
  m_ObjectHideFlags: 1
  m_PrefabParentObject: {fileID: 0}
  m_PrefabInternal: {fileID: 100100000}
  m_GameObject: {fileID: 160638}
  m_LocalRotation: {x: 0, y: 0, z: 0, w: 1}
  m_LocalPosition: {x: -0.0008047607, y: 0.030633552, z: -3.2575827e-11}
  m_LocalScale: {x: 1, y: 1, z: 1}
  m_Children: []
  m_Father: {fileID: 468576}
  m_RootOrder: 0
--- !u!4 &413894
Transform:
  m_ObjectHideFlags: 1
  m_PrefabParentObject: {fileID: 0}
  m_PrefabInternal: {fileID: 100100000}
  m_GameObject: {fileID: 179230}
  m_LocalRotation: {x: 0, y: 0, z: 0, w: 1}
  m_LocalPosition: {x: 0.0000072014714, y: 0.022679364, z: -8.1746376e-10}
  m_LocalScale: {x: 1, y: 1, z: 1}
  m_Children: []
  m_Father: {fileID: 474272}
  m_RootOrder: 0
--- !u!4 &417638
Transform:
  m_ObjectHideFlags: 1
  m_PrefabParentObject: {fileID: 0}
  m_PrefabInternal: {fileID: 100100000}
  m_GameObject: {fileID: 111918}
  m_LocalRotation: {x: -0.00000027739136, y: 0.000025345922, z: 0.0015345515, w: 0.9999988}
  m_LocalPosition: {x: -0.000039452574, y: 0.030852625, z: -0.0000000012341851}
  m_LocalScale: {x: 1, y: 1, z: 1}
  m_Children:
  - {fileID: 442672}
  m_Father: {fileID: 407750}
  m_RootOrder: 0
--- !u!4 &417932
Transform:
  m_ObjectHideFlags: 1
  m_PrefabParentObject: {fileID: 0}
  m_PrefabInternal: {fileID: 100100000}
  m_GameObject: {fileID: 136868}
  m_LocalRotation: {x: -0.0122754285, y: -0.0056142425, z: 0.04032417, w: 0.9990955}
  m_LocalPosition: {x: -0.011464934, y: 0.14266346, z: -0.003576101}
  m_LocalScale: {x: 1, y: 1, z: 1}
  m_Children:
  - {fileID: 403578}
  m_Father: {fileID: 488848}
  m_RootOrder: 1
--- !u!4 &418136
Transform:
  m_ObjectHideFlags: 1
  m_PrefabParentObject: {fileID: 0}
  m_PrefabInternal: {fileID: 100100000}
  m_GameObject: {fileID: 135160}
  m_LocalRotation: {x: -0.12359983, y: -0.011517448, z: -0.01825233, w: 0.99209744}
  m_LocalPosition: {x: 1.1323303e-11, y: 0.14899153, z: 6.908896e-11}
  m_LocalScale: {x: 1, y: 1, z: 1}
  m_Children:
  - {fileID: 439698}
  m_Father: {fileID: 413410}
  m_RootOrder: 0
--- !u!4 &420530
Transform:
  m_ObjectHideFlags: 1
  m_PrefabParentObject: {fileID: 0}
  m_PrefabInternal: {fileID: 100100000}
  m_GameObject: {fileID: 137398}
  m_LocalRotation: {x: -0.10370437, y: -0.8651817, z: 0.20463799, w: 0.44590294}
  m_LocalPosition: {x: -43.330006, y: 9.869173, z: 11.093303}
  m_LocalScale: {x: 0.6156951, y: 0.42003977, z: 0.80433416}
  m_Children:
  - {fileID: 492018}
  - {fileID: 457368}
  - {fileID: 402902}
  - {fileID: 495542}
  - {fileID: 425718}
  - {fileID: 22445624}
  m_Father: {fileID: 0}
  m_RootOrder: 0
--- !u!4 &421518
Transform:
  m_ObjectHideFlags: 1
  m_PrefabParentObject: {fileID: 0}
  m_PrefabInternal: {fileID: 100100000}
  m_GameObject: {fileID: 183874}
  m_LocalRotation: {x: -0.0000013510964, y: -0.00027515533, z: -0.0038623528, w: 0.9999925}
  m_LocalPosition: {x: 0.00020612104, y: 0.02166195, z: -3.9476086e-10}
  m_LocalScale: {x: 1, y: 1, z: 1}
  m_Children:
  - {fileID: 426840}
  m_Father: {fileID: 483840}
  m_RootOrder: 0
--- !u!4 &423858
Transform:
  m_ObjectHideFlags: 1
  m_PrefabParentObject: {fileID: 0}
  m_PrefabInternal: {fileID: 100100000}
  m_GameObject: {fileID: 166954}
  m_LocalRotation: {x: 0.20792894, y: 0.05658627, z: 0.32253182, w: 0.9217032}
  m_LocalPosition: {x: -0.027405182, y: 0.043599296, z: 0.009088614}
  m_LocalScale: {x: 1, y: 1, z: 1}
  m_Children:
  - {fileID: 427276}
  m_Father: {fileID: 488848}
  m_RootOrder: 4
--- !u!4 &425074
Transform:
  m_ObjectHideFlags: 1
  m_PrefabParentObject: {fileID: 0}
  m_PrefabInternal: {fileID: 100100000}
  m_GameObject: {fileID: 120316}
  m_LocalRotation: {x: 0.28614083, y: 0.09855453, z: -0.029602267, w: 0.95264584}
  m_LocalPosition: {x: -0.0000000014074418, y: 0.15964995, z: -0.000000002015431}
  m_LocalScale: {x: 1, y: 1, z: 1}
  m_Children:
  - {fileID: 476188}
  m_Father: {fileID: 488874}
  m_RootOrder: 0
--- !u!4 &425718
Transform:
  m_ObjectHideFlags: 1
  m_PrefabParentObject: {fileID: 0}
  m_PrefabInternal: {fileID: 100100000}
  m_GameObject: {fileID: 115940}
  m_LocalRotation: {x: 0, y: 1, z: 0, w: 0.0000023245811}
  m_LocalPosition: {x: 0, y: 0.95000005, z: 0.7399998}
  m_LocalScale: {x: 0.75, y: 1.5, z: 0.25}
  m_Children: []
  m_Father: {fileID: 420530}
  m_RootOrder: 4
--- !u!4 &426840
Transform:
  m_ObjectHideFlags: 1
  m_PrefabParentObject: {fileID: 0}
  m_PrefabInternal: {fileID: 100100000}
  m_GameObject: {fileID: 155410}
  m_LocalRotation: {x: 0, y: 0, z: 0, w: 1}
  m_LocalPosition: {x: 0.000032823456, y: 0.01848861, z: -7.428071e-11}
  m_LocalScale: {x: 1, y: 1, z: 1}
  m_Children: []
  m_Father: {fileID: 421518}
  m_RootOrder: 0
--- !u!4 &427276
Transform:
  m_ObjectHideFlags: 1
  m_PrefabParentObject: {fileID: 0}
  m_PrefabInternal: {fileID: 100100000}
  m_GameObject: {fileID: 105894}
  m_LocalRotation: {x: 0.000018782082, y: -0.0018022083, z: -0.079305604, w: 0.9968487}
  m_LocalPosition: {x: 0.0028876888, y: 0.041734528, z: 9.020455e-10}
  m_LocalScale: {x: 1, y: 1, z: 1}
  m_Children:
  - {fileID: 435686}
  m_Father: {fileID: 423858}
  m_RootOrder: 0
--- !u!4 &427942
Transform:
  m_ObjectHideFlags: 1
  m_PrefabParentObject: {fileID: 0}
  m_PrefabInternal: {fileID: 100100000}
  m_GameObject: {fileID: 157024}
  m_LocalRotation: {x: 0.00001519211, y: -0.000015066107, z: -0.7101366, w: 0.70406395}
  m_LocalPosition: {x: -0.0012641733, y: -0.14114785, z: -0.035551272}
  m_LocalScale: {x: 0.34844935, y: 0.16860557, z: 0.16323951}
  m_Children: []
  m_Father: {fileID: 412226}
  m_RootOrder: 0
--- !u!4 &430400
Transform:
  m_ObjectHideFlags: 1
  m_PrefabParentObject: {fileID: 0}
  m_PrefabInternal: {fileID: 100100000}
  m_GameObject: {fileID: 120052}
  m_LocalRotation: {x: 0.7071068, y: 0, z: 0, w: 0.7071067}
  m_LocalPosition: {x: 0.337, y: 1.5635, z: 0.352}
  m_LocalScale: {x: 1, y: 1, z: 1}
  m_Children: []
  m_Father: {fileID: 495542}
  m_RootOrder: 1
--- !u!4 &430900
Transform:
  m_ObjectHideFlags: 1
  m_PrefabParentObject: {fileID: 0}
  m_PrefabInternal: {fileID: 100100000}
  m_GameObject: {fileID: 111904}
  m_LocalRotation: {x: 0, y: 0, z: 0.00013062132, w: 1}
  m_LocalPosition: {x: 2.499221, y: -0.7986329, z: 0.02924762}
  m_LocalScale: {x: 1, y: 1, z: 1}
  m_Children:
  - {fileID: 467156}
  - {fileID: 462538}
  - {fileID: 460646}
  m_Father: {fileID: 492018}
  m_RootOrder: 3
--- !u!4 &433830
Transform:
  m_ObjectHideFlags: 1
  m_PrefabParentObject: {fileID: 0}
  m_PrefabInternal: {fileID: 100100000}
  m_GameObject: {fileID: 152058}
  m_LocalRotation: {x: -0.5439788, y: -0.44448924, z: 0.5709337, w: -0.424913}
  m_LocalPosition: {x: 0.070461445, y: 0.12182492, z: -0.0035166566}
  m_LocalScale: {x: 1, y: 1, z: 1}
  m_Children:
  - {fileID: 435320}
  - {fileID: 486492}
  m_Father: {fileID: 443128}
  m_RootOrder: 2
--- !u!4 &434692
Transform:
  m_ObjectHideFlags: 1
  m_PrefabParentObject: {fileID: 0}
  m_PrefabInternal: {fileID: 100100000}
  m_GameObject: {fileID: 101884}
  m_LocalRotation: {x: 0, y: 0, z: 0, w: 1}
  m_LocalPosition: {x: -0.000012547759, y: 0.024690995, z: 1.7533835e-10}
  m_LocalScale: {x: 1, y: 1, z: 1}
  m_Children: []
  m_Father: {fileID: 442672}
  m_RootOrder: 0
--- !u!4 &435320
Transform:
  m_ObjectHideFlags: 1
  m_PrefabParentObject: {fileID: 0}
  m_PrefabInternal: {fileID: 100100000}
  m_GameObject: {fileID: 150226}
  m_LocalRotation: {x: -0.12290589, y: 0.010242915, z: 0.022454198, w: 0.99211144}
  m_LocalPosition: {x: 1.5751012e-11, y: 0.14899153, z: 6.4332095e-11}
  m_LocalScale: {x: 1, y: 1, z: 1}
  m_Children:
  - {fileID: 412826}
  m_Father: {fileID: 433830}
  m_RootOrder: 0
--- !u!4 &435686
Transform:
  m_ObjectHideFlags: 1
  m_PrefabParentObject: {fileID: 0}
  m_PrefabInternal: {fileID: 100100000}
  m_GameObject: {fileID: 196988}
  m_LocalRotation: {x: -0.00007623788, y: 0.0019583656, z: 0.05078866, w: 0.99870753}
  m_LocalPosition: {x: -0.00330107, y: 0.03670595, z: -8.980005e-10}
  m_LocalScale: {x: 1, y: 1, z: 1}
  m_Children:
  - {fileID: 496528}
  m_Father: {fileID: 427276}
  m_RootOrder: 0
--- !u!4 &436174
Transform:
  m_ObjectHideFlags: 1
  m_PrefabParentObject: {fileID: 0}
  m_PrefabInternal: {fileID: 100100000}
  m_GameObject: {fileID: 187216}
  m_LocalRotation: {x: 0.20494182, y: -0.06343052, z: -0.29772884, w: 0.93023276}
  m_LocalPosition: {x: 0.029436352, y: 0.04291049, z: 0.011245979}
  m_LocalScale: {x: 1, y: 1, z: 1}
  m_Children:
  - {fileID: 485140}
  m_Father: {fileID: 459556}
  m_RootOrder: 4
--- !u!4 &436530
Transform:
  m_ObjectHideFlags: 1
  m_PrefabParentObject: {fileID: 0}
  m_PrefabInternal: {fileID: 100100000}
  m_GameObject: {fileID: 108020}
  m_LocalRotation: {x: -0.034156766, y: 3.9546892e-19, z: 1.1254719e-18, w: 0.9994165}
  m_LocalPosition: {x: -0.00000919955, y: 0.028819485, z: -0.0000000010720131}
  m_LocalScale: {x: 1, y: 1, z: 1}
  m_Children:
  - {fileID: 410342}
  m_Father: {fileID: 403578}
  m_RootOrder: 0
--- !u!4 &437372
Transform:
  m_ObjectHideFlags: 1
  m_PrefabParentObject: {fileID: 0}
  m_PrefabInternal: {fileID: 100100000}
  m_GameObject: {fileID: 169418}
  m_LocalRotation: {x: -0.01249212, y: -0.00019683676, z: 0.04097612, w: 0.999082}
  m_LocalPosition: {x: -0.03772725, y: 0.1386499, z: -0.001602273}
  m_LocalScale: {x: 1, y: 1, z: 1}
  m_Children:
  - {fileID: 410298}
  m_Father: {fileID: 488848}
  m_RootOrder: 0
--- !u!4 &438392
Transform:
  m_ObjectHideFlags: 1
  m_PrefabParentObject: {fileID: 0}
  m_PrefabInternal: {fileID: 100100000}
  m_GameObject: {fileID: 199642}
  m_LocalRotation: {x: 0, y: 0, z: 0, w: 1}
  m_LocalPosition: {x: -0, y: 0.1095421, z: -2.0846445e-10}
  m_LocalScale: {x: 1, y: 1, z: 1}
  m_Children:
  - {fileID: 443128}
  m_Father: {fileID: 457356}
  m_RootOrder: 0
--- !u!4 &439698
Transform:
  m_ObjectHideFlags: 1
  m_PrefabParentObject: {fileID: 0}
  m_PrefabInternal: {fileID: 100100000}
  m_GameObject: {fileID: 128594}
  m_LocalRotation: {x: 0.0000000066122974, y: 0.1068252, z: 0.000000096192295, w: 0.99427783}
  m_LocalPosition: {x: 3.3846417e-10, y: 0.23971152, z: -0.0000000014589416}
  m_LocalScale: {x: 1, y: 1, z: 1}
  m_Children:
  - {fileID: 459556}
  m_Father: {fileID: 418136}
  m_RootOrder: 0
--- !u!4 &439832
Transform:
  m_ObjectHideFlags: 1
  m_PrefabParentObject: {fileID: 0}
  m_PrefabInternal: {fileID: 100100000}
  m_GameObject: {fileID: 160116}
  m_LocalRotation: {x: -0.011969755, y: -0.011939411, z: 0.03582742, w: 0.999215}
  m_LocalPosition: {x: 0.03442286, y: 0.12454215, z: -0.0004997987}
  m_LocalScale: {x: 1, y: 1, z: 1}
  m_Children:
  - {fileID: 483840}
  m_Father: {fileID: 488848}
  m_RootOrder: 2
--- !u!4 &440510
Transform:
  m_ObjectHideFlags: 1
  m_PrefabParentObject: {fileID: 0}
  m_PrefabInternal: {fileID: 100100000}
  m_GameObject: {fileID: 174960}
  m_LocalRotation: {x: 0.00000023427842, y: -0.00013048016, z: 0.0021605543, w: 0.9999977}
  m_LocalPosition: {x: -0.00012414507, y: 0.028448584, z: 8.814116e-10}
  m_LocalScale: {x: 1, y: 1, z: 1}
  m_Children:
  - {fileID: 447118}
  m_Father: {fileID: 465744}
  m_RootOrder: 0
--- !u!4 &442672
Transform:
  m_ObjectHideFlags: 1
  m_PrefabParentObject: {fileID: 0}
  m_PrefabInternal: {fileID: 100100000}
  m_GameObject: {fileID: 195390}
  m_LocalRotation: {x: -0.000000179954, y: -0.00004563977, z: -0.0011657776, w: 0.99999934}
  m_LocalPosition: {x: 0.00005199769, y: 0.028807804, z: 4.3549298e-10}
  m_LocalScale: {x: 1, y: 1, z: 1}
  m_Children:
  - {fileID: 434692}
  m_Father: {fileID: 417638}
  m_RootOrder: 0
--- !u!4 &443128
Transform:
  m_ObjectHideFlags: 1
  m_PrefabParentObject: {fileID: 0}
  m_PrefabInternal: {fileID: 100100000}
  m_GameObject: {fileID: 117870}
  m_LocalRotation: {x: 0, y: 0, z: 0, w: 1}
  m_LocalPosition: {x: -0, y: 0.12519106, z: 5.2385048e-11}
  m_LocalScale: {x: 1, y: 1, z: 1}
  m_Children:
  - {fileID: 413410}
  - {fileID: 450604}
  - {fileID: 433830}
  m_Father: {fileID: 438392}
  m_RootOrder: 0
--- !u!4 &447118
Transform:
  m_ObjectHideFlags: 1
  m_PrefabParentObject: {fileID: 0}
  m_PrefabInternal: {fileID: 100100000}
  m_GameObject: {fileID: 181788}
  m_LocalRotation: {x: 0.00000026379607, y: 0.00016350835, z: 0.0027255514, w: 0.9999963}
  m_LocalPosition: {x: -0.0000012850735, y: 0.026539005, z: 7.274461e-10}
  m_LocalScale: {x: 1, y: 1, z: 1}
  m_Children:
  - {fileID: 472064}
  m_Father: {fileID: 440510}
  m_RootOrder: 0
--- !u!4 &450604
Transform:
  m_ObjectHideFlags: 1
  m_PrefabParentObject: {fileID: 0}
  m_PrefabInternal: {fileID: 100100000}
  m_GameObject: {fileID: 192254}
  m_LocalRotation: {x: 0.08375993, y: 3.3407523e-21, z: -7.0581796e-22, w: 0.996486}
  m_LocalPosition: {x: -6.7762636e-21, y: 0.14083971, z: -0.000000025513398}
  m_LocalScale: {x: 1, y: 1, z: 1}
  m_Children:
  - {fileID: 463650}
  m_Father: {fileID: 443128}
  m_RootOrder: 1
--- !u!4 &452274
Transform:
  m_ObjectHideFlags: 1
  m_PrefabParentObject: {fileID: 0}
  m_PrefabInternal: {fileID: 100100000}
  m_GameObject: {fileID: 182350}
  m_LocalRotation: {x: 0.7071068, y: 0, z: 0, w: 0.7071067}
  m_LocalPosition: {x: 1.855, y: 1.565921, z: 0.30545902}
  m_LocalScale: {x: 1, y: 1, z: 1}
  m_Children: []
  m_Father: {fileID: 495542}
  m_RootOrder: 0
--- !u!4 &457356
Transform:
  m_ObjectHideFlags: 1
  m_PrefabParentObject: {fileID: 0}
  m_PrefabInternal: {fileID: 100100000}
  m_GameObject: {fileID: 145670}
  m_LocalRotation: {x: -0.08375993, y: 0.000010735752, z: 0.00012772247, w: 0.99648595}
  m_LocalPosition: {x: 2.7105054e-20, y: 0.09257583, z: -0.015673714}
  m_LocalScale: {x: 1, y: 1, z: 1}
  m_Children:
  - {fileID: 438392}
  m_Father: {fileID: 492018}
  m_RootOrder: 2
--- !u!4 &457368
Transform:
  m_ObjectHideFlags: 1
  m_PrefabParentObject: {fileID: 0}
  m_PrefabInternal: {fileID: 100100000}
  m_GameObject: {fileID: 108226}
  m_LocalRotation: {x: 0, y: 0, z: 0, w: 1}
  m_LocalPosition: {x: 0, y: 0, z: 0}
  m_LocalScale: {x: 1, y: 1, z: 1}
  m_Children: []
  m_Father: {fileID: 420530}
  m_RootOrder: 1
--- !u!4 &459556
Transform:
  m_ObjectHideFlags: 1
  m_PrefabParentObject: {fileID: 0}
  m_PrefabInternal: {fileID: 100100000}
  m_GameObject: {fileID: 130818}
  m_LocalRotation: {x: 0.0070710224, y: -0.18705527, z: 0.043004688, w: 0.9813822}
  m_LocalPosition: {x: -0.000000001349762, y: 0.21860376, z: -5.9976935e-10}
  m_LocalScale: {x: 1, y: 1, z: 1}
  m_Children:
  - {fileID: 465744}
  - {fileID: 407750}
  - {fileID: 403228}
  - {fileID: 482600}
  - {fileID: 436174}
  m_Father: {fileID: 439698}
  m_RootOrder: 0
--- !u!4 &460646
Transform:
  m_ObjectHideFlags: 1
  m_PrefabParentObject: {fileID: 0}
  m_PrefabInternal: {fileID: 100100000}
  m_GameObject: {fileID: 127766}
  m_LocalRotation: {x: 0.0000000074505797, y: 0, z: 0.0000000018917488, w: 1}
  m_LocalPosition: {x: -0.09599998, y: 0.5529999, z: 0.05400001}
  m_LocalScale: {x: 0.13477084, y: 0.67910427, z: 0.15349613}
  m_Children: []
  m_Father: {fileID: 430900}
  m_RootOrder: 2
--- !u!4 &461576
Transform:
  m_ObjectHideFlags: 1
  m_PrefabParentObject: {fileID: 0}
  m_PrefabInternal: {fileID: 100100000}
  m_GameObject: {fileID: 146580}
  m_LocalRotation: {x: 0.008614725, y: -1.8596163e-17, z: -3.30937e-18, w: 0.9999629}
  m_LocalPosition: {x: -0.000051604038, y: 0.02699469, z: -0.0000000017944362}
  m_LocalScale: {x: 1, y: 1, z: 1}
  m_Children:
  - {fileID: 490654}
  m_Father: {fileID: 488360}
  m_RootOrder: 0
--- !u!4 &461980
Transform:
  m_ObjectHideFlags: 1
  m_PrefabParentObject: {fileID: 0}
  m_PrefabInternal: {fileID: 100100000}
  m_GameObject: {fileID: 172274}
  m_LocalRotation: {x: 0.0000025999939, y: 0.00052392867, z: -0.00798465, w: 0.999968}
  m_LocalPosition: {x: 0.00033709346, y: 0.027501766, z: 1.0609069e-11}
  m_LocalScale: {x: 1, y: 1, z: 1}
  m_Children:
  - {fileID: 478846}
  m_Father: {fileID: 403228}
  m_RootOrder: 0
--- !u!4 &462538
Transform:
  m_ObjectHideFlags: 1
  m_PrefabParentObject: {fileID: 0}
  m_PrefabInternal: {fileID: 100100000}
  m_GameObject: {fileID: 162222}
  m_LocalRotation: {x: 0, y: 0, z: 0, w: 1}
  m_LocalPosition: {x: 0.097, y: 0.553, z: 0.054}
  m_LocalScale: {x: 0.13477084, y: 0.67910427, z: 0.15349613}
  m_Children: []
  m_Father: {fileID: 430900}
  m_RootOrder: 1
--- !u!4 &463650
Transform:
  m_ObjectHideFlags: 1
  m_PrefabParentObject: {fileID: 0}
  m_PrefabInternal: {fileID: 100100000}
  m_GameObject: {fileID: 161886}
  m_LocalRotation: {x: 0, y: 0, z: 0, w: 1}
  m_LocalPosition: {x: -0, y: 0.07893676, z: 0.032804757}
  m_LocalScale: {x: 1, y: 1, z: 1}
  m_Children:
  - {fileID: 412226}
  m_Father: {fileID: 450604}
  m_RootOrder: 0
--- !u!4 &465744
Transform:
  m_ObjectHideFlags: 1
  m_PrefabParentObject: {fileID: 0}
  m_PrefabInternal: {fileID: 100100000}
  m_GameObject: {fileID: 163818}
  m_LocalRotation: {x: -0.014954403, y: 0.0010852173, z: -0.04311414, w: 0.99895763}
  m_LocalPosition: {x: 0.03791613, y: 0.13694242, z: -0.0003713946}
  m_LocalScale: {x: 1, y: 1, z: 1}
  m_Children:
  - {fileID: 440510}
  m_Father: {fileID: 459556}
  m_RootOrder: 0
--- !u!4 &467156
Transform:
  m_ObjectHideFlags: 1
  m_PrefabParentObject: {fileID: 0}
  m_PrefabInternal: {fileID: 100100000}
  m_GameObject: {fileID: 173144}
  m_LocalRotation: {x: 0, y: 0, z: 0, w: 1}
  m_LocalPosition: {x: -2.504, y: 0.876, z: 0}
  m_LocalScale: {x: 0.31931034, y: 0.46131846, z: 0.25711423}
  m_Children: []
  m_Father: {fileID: 430900}
  m_RootOrder: 0
--- !u!4 &467546
Transform:
  m_ObjectHideFlags: 1
  m_PrefabParentObject: {fileID: 0}
  m_PrefabInternal: {fileID: 100100000}
  m_GameObject: {fileID: 127098}
  m_LocalRotation: {x: -0.0991238, y: 0.0058235265, z: -0.03912788, w: 0.9942885}
  m_LocalPosition: {x: 1.6642092e-10, y: 0.4224292, z: 5.951988e-10}
  m_LocalScale: {x: 1, y: 1, z: 1}
  m_Children:
  - {fileID: 488874}
  m_Father: {fileID: 498692}
  m_RootOrder: 0
--- !u!4 &468576
Transform:
  m_ObjectHideFlags: 1
  m_PrefabParentObject: {fileID: 0}
  m_PrefabInternal: {fileID: 100100000}
  m_GameObject: {fileID: 147700}
  m_LocalRotation: {x: -0.021333255, y: -1.3874629e-17, z: -2.9605864e-19, w: 0.9997724}
  m_LocalPosition: {x: 0.0014872557, y: 0.036296904, z: 0.0000000014802723}
  m_LocalScale: {x: 1, y: 1, z: 1}
  m_Children:
  - {fileID: 413412}
  m_Father: {fileID: 485140}
  m_RootOrder: 0
--- !u!4 &468766
Transform:
  m_ObjectHideFlags: 1
  m_PrefabParentObject: {fileID: 0}
  m_PrefabInternal: {fileID: 100100000}
  m_GameObject: {fileID: 177374}
  m_LocalRotation: {x: 0.52869993, y: 0.012322374, z: 0.058768366, w: 0.84668225}
  m_LocalPosition: {x: -2.6010039e-10, y: 0.44007698, z: -0.0000000053218714}
  m_LocalScale: {x: 1, y: 1, z: 1}
  m_Children:
  - {fileID: 481694}
  m_Father: {fileID: 478586}
  m_RootOrder: 0
--- !u!4 &472064
Transform:
  m_ObjectHideFlags: 1
  m_PrefabParentObject: {fileID: 0}
  m_PrefabInternal: {fileID: 100100000}
  m_GameObject: {fileID: 172472}
  m_LocalRotation: {x: 0, y: 0, z: 0, w: 1}
  m_LocalPosition: {x: 0.00012542903, y: 0.023090333, z: 5.0278006e-13}
  m_LocalScale: {x: 1, y: 1, z: 1}
  m_Children: []
  m_Father: {fileID: 447118}
  m_RootOrder: 0
--- !u!4 &473258
Transform:
  m_ObjectHideFlags: 1
  m_PrefabParentObject: {fileID: 0}
  m_PrefabInternal: {fileID: 100100000}
  m_GameObject: {fileID: 184106}
  m_LocalRotation: {x: -0.012202478, y: -0.0071106977, z: 0.038316377, w: 0.99916583}
  m_LocalPosition: {x: 0.014769325, y: 0.13699053, z: -0.0017804509}
  m_LocalScale: {x: 1, y: 1, z: 1}
  m_Children:
  - {fileID: 480212}
  m_Father: {fileID: 488848}
  m_RootOrder: 3
--- !u!4 &474272
Transform:
  m_ObjectHideFlags: 1
  m_PrefabParentObject: {fileID: 0}
  m_PrefabInternal: {fileID: 100100000}
  m_GameObject: {fileID: 178402}
  m_LocalRotation: {x: -0.029134948, y: -2.7540821e-18, z: -2.459365e-17, w: 0.9995755}
  m_LocalPosition: {x: -0.000058949045, y: 0.026931653, z: 4.5785106e-10}
  m_LocalScale: {x: 1, y: 1, z: 1}
  m_Children:
  - {fileID: 413894}
  m_Father: {fileID: 410298}
  m_RootOrder: 0
--- !u!4 &476188
Transform:
  m_ObjectHideFlags: 1
  m_PrefabParentObject: {fileID: 0}
  m_PrefabInternal: {fileID: 100100000}
  m_GameObject: {fileID: 104644}
  m_LocalRotation: {x: 0, y: 0, z: 0, w: 1}
  m_LocalPosition: {x: -3.3707326e-10, y: 0.06936745, z: 1.1277372e-11}
  m_LocalScale: {x: 1, y: 1, z: 1}
  m_Children: []
  m_Father: {fileID: 425074}
  m_RootOrder: 0
--- !u!4 &478586
Transform:
  m_ObjectHideFlags: 1
  m_PrefabParentObject: {fileID: 0}
  m_PrefabInternal: {fileID: 100100000}
  m_GameObject: {fileID: 141072}
  m_LocalRotation: {x: -0.10553441, y: -0.0065201786, z: 0.03927968, w: 0.9936182}
  m_LocalPosition: {x: 1.6263194e-10, y: 0.42235836, z: 9.058332e-11}
  m_LocalScale: {x: 1, y: 1, z: 1}
  m_Children:
  - {fileID: 468766}
  m_Father: {fileID: 498976}
  m_RootOrder: 0
--- !u!4 &478846
Transform:
  m_ObjectHideFlags: 1
  m_PrefabParentObject: {fileID: 0}
  m_PrefabInternal: {fileID: 100100000}
  m_GameObject: {fileID: 101210}
  m_LocalRotation: {x: 0.000005976899, y: -0.000659375, z: -0.0049895733, w: 0.99998736}
  m_LocalPosition: {x: -0.00007853512, y: 0.021257097, z: 6.4973177e-10}
  m_LocalScale: {x: 1, y: 1, z: 1}
  m_Children:
  - {fileID: 480360}
  m_Father: {fileID: 461980}
  m_RootOrder: 0
--- !u!4 &480212
Transform:
  m_ObjectHideFlags: 1
  m_PrefabParentObject: {fileID: 0}
  m_PrefabInternal: {fileID: 100100000}
  m_GameObject: {fileID: 132748}
  m_LocalRotation: {x: -0.00000024501475, y: 0.000003115932, z: 0.0037276298, w: 0.9999931}
  m_LocalPosition: {x: -0.000106435386, y: 0.028667154, z: -2.7717384e-11}
  m_LocalScale: {x: 1, y: 1, z: 1}
  m_Children:
  - {fileID: 483990}
  m_Father: {fileID: 473258}
  m_RootOrder: 0
--- !u!4 &480360
Transform:
  m_ObjectHideFlags: 1
  m_PrefabParentObject: {fileID: 0}
  m_PrefabInternal: {fileID: 100100000}
  m_GameObject: {fileID: 198994}
  m_LocalRotation: {x: 0, y: 0, z: 0, w: 1}
  m_LocalPosition: {x: -0.00025855796, y: 0.018910494, z: 2.4790608e-10}
  m_LocalScale: {x: 1, y: 1, z: 1}
  m_Children: []
  m_Father: {fileID: 478846}
  m_RootOrder: 0
--- !u!4 &481694
Transform:
  m_ObjectHideFlags: 1
  m_PrefabParentObject: {fileID: 0}
  m_PrefabInternal: {fileID: 100100000}
  m_GameObject: {fileID: 143324}
  m_LocalRotation: {x: 0.2796074, y: -0.101138584, z: 0.02963295, w: 0.9543126}
  m_LocalPosition: {x: 2.8506003e-10, y: 0.16299604, z: -0.000000009967422}
  m_LocalScale: {x: 1, y: 1, z: 1}
  m_Children:
  - {fileID: 413046}
  m_Father: {fileID: 468766}
  m_RootOrder: 0
--- !u!4 &482600
Transform:
  m_ObjectHideFlags: 1
  m_PrefabParentObject: {fileID: 0}
  m_PrefabInternal: {fileID: 100100000}
  m_GameObject: {fileID: 189344}
  m_LocalRotation: {x: -0.01474194, y: 0.006003171, z: -0.0391634, w: 0.99910605}
  m_LocalPosition: {x: -0.014771249, y: 0.13227077, z: -0.0018689608}
  m_LocalScale: {x: 1, y: 1, z: 1}
  m_Children:
  - {fileID: 488360}
  m_Father: {fileID: 459556}
  m_RootOrder: 3
--- !u!4 &483840
Transform:
  m_ObjectHideFlags: 1
  m_PrefabParentObject: {fileID: 0}
  m_PrefabInternal: {fileID: 100100000}
  m_GameObject: {fileID: 175310}
  m_LocalRotation: {x: -0.00000014554766, y: 0.000041300806, z: 0.00915228, w: 0.99995816}
  m_LocalPosition: {x: -0.00023894635, y: 0.02717306, z: -6.590277e-10}
  m_LocalScale: {x: 1, y: 1, z: 1}
  m_Children:
  - {fileID: 421518}
  m_Father: {fileID: 439832}
  m_RootOrder: 0
--- !u!4 &483990
Transform:
  m_ObjectHideFlags: 1
  m_PrefabParentObject: {fileID: 0}
  m_PrefabInternal: {fileID: 100100000}
  m_GameObject: {fileID: 173980}
  m_LocalRotation: {x: -0.00000030156426, y: -0.00009433168, z: -0.0017083623, w: 0.99999857}
  m_LocalPosition: {x: 0.000097948425, y: 0.026079658, z: 4.881846e-10}
  m_LocalScale: {x: 1, y: 1, z: 1}
  m_Children:
  - {fileID: 489570}
  m_Father: {fileID: 480212}
  m_RootOrder: 0
--- !u!4 &485140
Transform:
  m_ObjectHideFlags: 1
  m_PrefabParentObject: {fileID: 0}
  m_PrefabInternal: {fileID: 100100000}
  m_GameObject: {fileID: 160078}
  m_LocalRotation: {x: 0.000021244743, y: 0.0017118363, z: 0.028475316, w: 0.999593}
  m_LocalPosition: {x: -0.00068249047, y: 0.042584933, z: -8.215088e-10}
  m_LocalScale: {x: 1, y: 1, z: 1}
  m_Children:
  - {fileID: 468576}
  m_Father: {fileID: 436174}
  m_RootOrder: 0
--- !u!4 &486492
Transform:
  m_ObjectHideFlags: 1
  m_PrefabParentObject: {fileID: 0}
  m_PrefabInternal: {fileID: 100100000}
  m_GameObject: {fileID: 193396}
  m_LocalRotation: {x: 0.07599648, y: 0.6378452, z: -0.09374516, w: -0.760651}
  m_LocalPosition: {x: -0.03857513, y: -0.051384814, z: 0.08704656}
  m_LocalScale: {x: 0.20611428, y: 0.78275865, z: 0.21068689}
  m_Children: []
  m_Father: {fileID: 433830}
  m_RootOrder: 1
--- !u!4 &488360
Transform:
  m_ObjectHideFlags: 1
  m_PrefabParentObject: {fileID: 0}
  m_PrefabInternal: {fileID: 100100000}
  m_GameObject: {fileID: 177040}
  m_LocalRotation: {x: 0.00000006742393, y: 0.000088914625, z: -0.0028103003, w: 0.99999607}
  m_LocalPosition: {x: 0.00010976167, y: 0.02977519, z: 4.0019876e-10}
  m_LocalScale: {x: 1, y: 1, z: 1}
  m_Children:
  - {fileID: 461576}
  m_Father: {fileID: 482600}
  m_RootOrder: 0
--- !u!4 &488848
Transform:
  m_ObjectHideFlags: 1
  m_PrefabParentObject: {fileID: 0}
  m_PrefabInternal: {fileID: 100100000}
  m_GameObject: {fileID: 173346}
  m_LocalRotation: {x: 0.0045322105, y: 0.1927872, z: -0.041734718, w: 0.9803422}
  m_LocalPosition: {x: 0.0000000016314498, y: 0.21844462, z: -6.340788e-10}
  m_LocalScale: {x: 1, y: 1, z: 1}
  m_Children:
  - {fileID: 437372}
  - {fileID: 417932}
  - {fileID: 439832}
  - {fileID: 473258}
  - {fileID: 423858}
  m_Father: {fileID: 412826}
  m_RootOrder: 0
--- !u!4 &488874
Transform:
  m_ObjectHideFlags: 1
  m_PrefabParentObject: {fileID: 0}
  m_PrefabInternal: {fileID: 100100000}
  m_GameObject: {fileID: 142900}
  m_LocalRotation: {x: 0.5219021, y: -0.010379452, z: -0.059520535, w: 0.850863}
  m_LocalPosition: {x: 0.000000005952795, y: 0.43959716, z: -0.0000000028254836}
  m_LocalScale: {x: 1, y: 1, z: 1}
  m_Children:
  - {fileID: 425074}
  m_Father: {fileID: 467546}
  m_RootOrder: 0
--- !u!4 &489570
Transform:
  m_ObjectHideFlags: 1
  m_PrefabParentObject: {fileID: 0}
  m_PrefabInternal: {fileID: 100100000}
  m_GameObject: {fileID: 142448}
  m_LocalRotation: {x: 0, y: 0, z: 0, w: 1}
  m_LocalPosition: {x: 0.000008487437, y: 0.023469336, z: 2.8062402e-10}
  m_LocalScale: {x: 1, y: 1, z: 1}
  m_Children: []
  m_Father: {fileID: 483990}
  m_RootOrder: 0
--- !u!4 &490654
Transform:
  m_ObjectHideFlags: 1
  m_PrefabParentObject: {fileID: 0}
  m_PrefabInternal: {fileID: 100100000}
  m_GameObject: {fileID: 167416}
  m_LocalRotation: {x: 0, y: 0, z: 0, w: 1}
  m_LocalPosition: {x: -0.000058159236, y: 0.02429045, z: 3.795003e-10}
  m_LocalScale: {x: 1, y: 1, z: 1}
  m_Children: []
  m_Father: {fileID: 461576}
  m_RootOrder: 0
--- !u!4 &492018
Transform:
  m_ObjectHideFlags: 1
  m_PrefabParentObject: {fileID: 0}
  m_PrefabInternal: {fileID: 100100000}
  m_GameObject: {fileID: 176214}
  m_LocalRotation: {x: 0, y: -0, z: -0.00013062132, w: 1}
  m_LocalPosition: {x: 0.000017702256, y: 0.9992859, z: -0.0064853216}
  m_LocalScale: {x: 1, y: 1, z: 1}
  m_Children:
  - {fileID: 498692}
  - {fileID: 498976}
  - {fileID: 457356}
  - {fileID: 430900}
  m_Father: {fileID: 420530}
  m_RootOrder: 0
--- !u!4 &495542
Transform:
  m_ObjectHideFlags: 1
  m_PrefabParentObject: {fileID: 0}
  m_PrefabInternal: {fileID: 100100000}
  m_GameObject: {fileID: 165964}
  m_LocalRotation: {x: 0, y: 0, z: 0, w: 1}
  m_LocalPosition: {x: -1.0760002, y: -0.182, z: -0.33945942}
  m_LocalScale: {x: 1, y: 1, z: 1}
  m_Children:
  - {fileID: 452274}
  - {fileID: 430400}
  m_Father: {fileID: 420530}
  m_RootOrder: 3
--- !u!4 &496528
Transform:
  m_ObjectHideFlags: 1
  m_PrefabParentObject: {fileID: 0}
  m_PrefabInternal: {fileID: 100100000}
  m_GameObject: {fileID: 198314}
  m_LocalRotation: {x: 0, y: 0, z: 0, w: 1}
  m_LocalPosition: {x: 0.000413381, y: 0.034611795, z: -5.608939e-11}
  m_LocalScale: {x: 1, y: 1, z: 1}
  m_Children: []
  m_Father: {fileID: 435686}
  m_RootOrder: 0
--- !u!4 &498692
Transform:
  m_ObjectHideFlags: 1
  m_PrefabParentObject: {fileID: 0}
  m_PrefabInternal: {fileID: 100100000}
  m_GameObject: {fileID: 176000}
  m_LocalRotation: {x: -0.0026748218, y: 0.034459174, z: 0.9992109, w: -0.019571252}
  m_LocalPosition: {x: -0.09711316, y: -0.05142151, z: 0.0074320766}
  m_LocalScale: {x: 1, y: 1, z: 1}
  m_Children:
  - {fileID: 467546}
  m_Father: {fileID: 492018}
  m_RootOrder: 0
--- !u!4 &498976
Transform:
  m_ObjectHideFlags: 1
  m_PrefabParentObject: {fileID: 0}
  m_PrefabInternal: {fileID: 100100000}
  m_GameObject: {fileID: 149726}
  m_LocalRotation: {x: 0.0029914123, y: 0.040014807, z: 0.99900496, w: 0.019467516}
  m_LocalPosition: {x: 0.09711316, y: -0.05142151, z: 0.0036320852}
  m_LocalScale: {x: 1, y: 1, z: 1}
  m_Children:
  - {fileID: 478586}
  m_Father: {fileID: 492018}
  m_RootOrder: 1
--- !u!23 &2304968
MeshRenderer:
  m_ObjectHideFlags: 1
  m_PrefabParentObject: {fileID: 0}
  m_PrefabInternal: {fileID: 100100000}
  m_GameObject: {fileID: 162222}
  m_Enabled: 1
  m_CastShadows: 1
  m_ReceiveShadows: 1
  m_Materials:
  - {fileID: 10303, guid: 0000000000000000f000000000000000, type: 0}
  m_SubsetIndices: 
  m_StaticBatchRoot: {fileID: 0}
  m_UseLightProbes: 1
  m_ReflectionProbeUsage: 1
  m_ProbeAnchor: {fileID: 0}
  m_ScaleInLightmap: 1
  m_PreserveUVs: 1
  m_IgnoreNormalsForChartDetection: 0
  m_ImportantGI: 0
  m_MinimumChartSize: 4
  m_AutoUVMaxDistance: 0.5
  m_AutoUVMaxAngle: 89
  m_LightmapParameters: {fileID: 0}
  m_SortingLayerID: 0
  m_SortingOrder: 0
--- !u!23 &2316182
MeshRenderer:
  m_ObjectHideFlags: 1
  m_PrefabParentObject: {fileID: 0}
  m_PrefabInternal: {fileID: 100100000}
  m_GameObject: {fileID: 157024}
  m_Enabled: 0
  m_CastShadows: 1
  m_ReceiveShadows: 1
  m_Materials:
  - {fileID: 10303, guid: 0000000000000000f000000000000000, type: 0}
  m_SubsetIndices: 
  m_StaticBatchRoot: {fileID: 0}
  m_UseLightProbes: 1
  m_ReflectionProbeUsage: 1
  m_ProbeAnchor: {fileID: 0}
  m_ScaleInLightmap: 1
  m_PreserveUVs: 1
  m_IgnoreNormalsForChartDetection: 0
  m_ImportantGI: 0
  m_MinimumChartSize: 4
  m_AutoUVMaxDistance: 0.5
  m_AutoUVMaxAngle: 89
  m_LightmapParameters: {fileID: 0}
  m_SortingLayerID: 0
  m_SortingOrder: 0
--- !u!23 &2362820
MeshRenderer:
  m_ObjectHideFlags: 1
  m_PrefabParentObject: {fileID: 0}
  m_PrefabInternal: {fileID: 100100000}
  m_GameObject: {fileID: 193396}
  m_Enabled: 0
  m_CastShadows: 1
  m_ReceiveShadows: 1
  m_Materials:
  - {fileID: 10303, guid: 0000000000000000f000000000000000, type: 0}
  m_SubsetIndices: 
  m_StaticBatchRoot: {fileID: 0}
  m_UseLightProbes: 1
  m_ReflectionProbeUsage: 1
  m_ProbeAnchor: {fileID: 0}
  m_ScaleInLightmap: 1
  m_PreserveUVs: 1
  m_IgnoreNormalsForChartDetection: 0
  m_ImportantGI: 0
  m_MinimumChartSize: 4
  m_AutoUVMaxDistance: 0.5
  m_AutoUVMaxAngle: 89
  m_LightmapParameters: {fileID: 0}
  m_SortingLayerID: 0
  m_SortingOrder: 0
--- !u!23 &2362842
MeshRenderer:
  m_ObjectHideFlags: 1
  m_PrefabParentObject: {fileID: 0}
  m_PrefabInternal: {fileID: 100100000}
  m_GameObject: {fileID: 120052}
  m_Enabled: 1
  m_CastShadows: 1
  m_ReceiveShadows: 1
  m_Materials:
  - {fileID: 2100000, guid: 9523c1666381c9f4f951321e8b51a257, type: 2}
  m_SubsetIndices: 
  m_StaticBatchRoot: {fileID: 0}
  m_UseLightProbes: 1
  m_ReflectionProbeUsage: 1
  m_ProbeAnchor: {fileID: 0}
  m_ScaleInLightmap: 1
  m_PreserveUVs: 0
  m_IgnoreNormalsForChartDetection: 0
  m_ImportantGI: 0
  m_MinimumChartSize: 4
  m_AutoUVMaxDistance: 0.5
  m_AutoUVMaxAngle: 89
  m_LightmapParameters: {fileID: 0}
  m_SortingLayerID: 0
  m_SortingOrder: 0
--- !u!23 &2387172
MeshRenderer:
  m_ObjectHideFlags: 1
  m_PrefabParentObject: {fileID: 0}
  m_PrefabInternal: {fileID: 100100000}
  m_GameObject: {fileID: 173144}
  m_Enabled: 0
  m_CastShadows: 1
  m_ReceiveShadows: 1
  m_Materials:
  - {fileID: 10303, guid: 0000000000000000f000000000000000, type: 0}
  m_SubsetIndices: 
  m_StaticBatchRoot: {fileID: 0}
  m_UseLightProbes: 1
  m_ReflectionProbeUsage: 1
  m_ProbeAnchor: {fileID: 0}
  m_ScaleInLightmap: 1
  m_PreserveUVs: 1
  m_IgnoreNormalsForChartDetection: 0
  m_ImportantGI: 0
  m_MinimumChartSize: 4
  m_AutoUVMaxDistance: 0.5
  m_AutoUVMaxAngle: 89
  m_LightmapParameters: {fileID: 0}
  m_SortingLayerID: 0
  m_SortingOrder: 0
--- !u!23 &2392926
MeshRenderer:
  m_ObjectHideFlags: 1
  m_PrefabParentObject: {fileID: 0}
  m_PrefabInternal: {fileID: 100100000}
  m_GameObject: {fileID: 182350}
  m_Enabled: 1
  m_CastShadows: 1
  m_ReceiveShadows: 1
  m_Materials:
  - {fileID: 2100000, guid: d93a735095bc8944e984e70ae31d2ee5, type: 2}
  m_SubsetIndices: 
  m_StaticBatchRoot: {fileID: 0}
  m_UseLightProbes: 1
  m_ReflectionProbeUsage: 1
  m_ProbeAnchor: {fileID: 0}
  m_ScaleInLightmap: 1
  m_PreserveUVs: 0
  m_IgnoreNormalsForChartDetection: 0
  m_ImportantGI: 0
  m_MinimumChartSize: 4
  m_AutoUVMaxDistance: 0.5
  m_AutoUVMaxAngle: 89
  m_LightmapParameters: {fileID: 0}
  m_SortingLayerID: 0
  m_SortingOrder: 0
--- !u!23 &2395356
MeshRenderer:
  m_ObjectHideFlags: 1
  m_PrefabParentObject: {fileID: 0}
  m_PrefabInternal: {fileID: 100100000}
  m_GameObject: {fileID: 127766}
  m_Enabled: 1
  m_CastShadows: 1
  m_ReceiveShadows: 1
  m_Materials:
  - {fileID: 10303, guid: 0000000000000000f000000000000000, type: 0}
  m_SubsetIndices: 
  m_StaticBatchRoot: {fileID: 0}
  m_UseLightProbes: 1
  m_ReflectionProbeUsage: 1
  m_ProbeAnchor: {fileID: 0}
  m_ScaleInLightmap: 1
  m_PreserveUVs: 1
  m_IgnoreNormalsForChartDetection: 0
  m_ImportantGI: 0
  m_MinimumChartSize: 4
  m_AutoUVMaxDistance: 0.5
  m_AutoUVMaxAngle: 89
  m_LightmapParameters: {fileID: 0}
  m_SortingLayerID: 0
  m_SortingOrder: 0
--- !u!33 &3301000
MeshFilter:
  m_ObjectHideFlags: 1
  m_PrefabParentObject: {fileID: 0}
  m_PrefabInternal: {fileID: 100100000}
  m_GameObject: {fileID: 173144}
  m_Mesh: {fileID: 10202, guid: 0000000000000000e000000000000000, type: 0}
--- !u!33 &3332570
MeshFilter:
  m_ObjectHideFlags: 1
  m_PrefabParentObject: {fileID: 0}
  m_PrefabInternal: {fileID: 100100000}
  m_GameObject: {fileID: 127766}
  m_Mesh: {fileID: 10202, guid: 0000000000000000e000000000000000, type: 0}
--- !u!33 &3345100
MeshFilter:
  m_ObjectHideFlags: 1
  m_PrefabParentObject: {fileID: 0}
  m_PrefabInternal: {fileID: 100100000}
  m_GameObject: {fileID: 157024}
  m_Mesh: {fileID: 10202, guid: 0000000000000000e000000000000000, type: 0}
--- !u!33 &3346378
MeshFilter:
  m_ObjectHideFlags: 1
  m_PrefabParentObject: {fileID: 0}
  m_PrefabInternal: {fileID: 100100000}
  m_GameObject: {fileID: 182350}
  m_Mesh: {fileID: 4300000, guid: a9ebb88564b85164ab0bddcf0e385dc2, type: 3}
--- !u!33 &3348168
MeshFilter:
  m_ObjectHideFlags: 1
  m_PrefabParentObject: {fileID: 0}
  m_PrefabInternal: {fileID: 100100000}
  m_GameObject: {fileID: 162222}
  m_Mesh: {fileID: 10202, guid: 0000000000000000e000000000000000, type: 0}
--- !u!33 &3369638
MeshFilter:
  m_ObjectHideFlags: 1
  m_PrefabParentObject: {fileID: 0}
  m_PrefabInternal: {fileID: 100100000}
  m_GameObject: {fileID: 193396}
  m_Mesh: {fileID: 10202, guid: 0000000000000000e000000000000000, type: 0}
--- !u!33 &3376782
MeshFilter:
  m_ObjectHideFlags: 1
  m_PrefabParentObject: {fileID: 0}
  m_PrefabInternal: {fileID: 100100000}
  m_GameObject: {fileID: 115940}
  m_Mesh: {fileID: 10202, guid: 0000000000000000e000000000000000, type: 0}
--- !u!33 &3398272
MeshFilter:
  m_ObjectHideFlags: 1
  m_PrefabParentObject: {fileID: 0}
  m_PrefabInternal: {fileID: 100100000}
  m_GameObject: {fileID: 120052}
  m_Mesh: {fileID: 4300000, guid: 5ed53550d4d02da4fa6127ad1be5c4ff, type: 3}
--- !u!54 &5478522
Rigidbody:
  m_ObjectHideFlags: 1
  m_PrefabParentObject: {fileID: 0}
  m_PrefabInternal: {fileID: 100100000}
  m_GameObject: {fileID: 137398}
  serializedVersion: 2
  m_Mass: 10
  m_Drag: 0
  m_AngularDrag: 1
  m_UseGravity: 1
  m_IsKinematic: 0
  m_Interpolate: 0
  m_Constraints: 4
  m_CollisionDetection: 1
--- !u!65 &6504278
BoxCollider:
  m_ObjectHideFlags: 1
  m_PrefabParentObject: {fileID: 0}
  m_PrefabInternal: {fileID: 100100000}
  m_GameObject: {fileID: 193396}
  m_Material: {fileID: 0}
  m_IsTrigger: 0
  m_Enabled: 1
  serializedVersion: 2
  m_Size: {x: 1.2, y: 1, z: 1.2}
  m_Center: {x: 0, y: 0, z: 0}
--- !u!65 &6527932
BoxCollider:
  m_ObjectHideFlags: 1
  m_PrefabParentObject: {fileID: 0}
  m_PrefabInternal: {fileID: 100100000}
  m_GameObject: {fileID: 115940}
  m_Material: {fileID: 0}
  m_IsTrigger: 0
  m_Enabled: 0
  serializedVersion: 2
  m_Size: {x: 1, y: 1, z: 1}
  m_Center: {x: 0, y: 0, z: 0}
--- !u!65 &6543472
BoxCollider:
  m_ObjectHideFlags: 1
  m_PrefabParentObject: {fileID: 0}
  m_PrefabInternal: {fileID: 100100000}
  m_GameObject: {fileID: 162222}
  m_Material: {fileID: 0}
  m_IsTrigger: 0
  m_Enabled: 1
  serializedVersion: 2
  m_Size: {x: 1, y: 1, z: 1}
  m_Center: {x: 0, y: 0, z: 0}
--- !u!65 &6552728
BoxCollider:
  m_ObjectHideFlags: 1
  m_PrefabParentObject: {fileID: 0}
  m_PrefabInternal: {fileID: 100100000}
  m_GameObject: {fileID: 120052}
  m_Material: {fileID: 0}
  m_IsTrigger: 0
  m_Enabled: 1
  serializedVersion: 2
  m_Size: {x: 0.13816057, y: 0.4151795, z: 0.07}
  m_Center: {x: 0, y: 0.07564918, z: 0}
--- !u!65 &6564706
BoxCollider:
  m_ObjectHideFlags: 1
  m_PrefabParentObject: {fileID: 0}
  m_PrefabInternal: {fileID: 100100000}
  m_GameObject: {fileID: 173144}
  m_Material: {fileID: 0}
  m_IsTrigger: 0
  m_Enabled: 1
  serializedVersion: 2
  m_Size: {x: 1.4, y: 1.4, z: 1.4}
  m_Center: {x: 0, y: 0, z: 0}
--- !u!65 &6566468
BoxCollider:
  m_ObjectHideFlags: 1
  m_PrefabParentObject: {fileID: 0}
  m_PrefabInternal: {fileID: 100100000}
  m_GameObject: {fileID: 127766}
  m_Material: {fileID: 0}
  m_IsTrigger: 0
  m_Enabled: 1
  serializedVersion: 2
  m_Size: {x: 1, y: 1, z: 1}
  m_Center: {x: 0, y: 0, z: 0}
--- !u!65 &6593094
BoxCollider:
  m_ObjectHideFlags: 1
  m_PrefabParentObject: {fileID: 0}
  m_PrefabInternal: {fileID: 100100000}
  m_GameObject: {fileID: 182350}
  m_Material: {fileID: 0}
  m_IsTrigger: 0
  m_Enabled: 1
  serializedVersion: 2
  m_Size: {x: 0.2, y: 0.6, z: 0.2}
  m_Center: {x: 0.0053710938, y: 0.38827893, z: 0.0055060843}
--- !u!65 &6594612
BoxCollider:
  m_ObjectHideFlags: 1
  m_PrefabParentObject: {fileID: 0}
  m_PrefabInternal: {fileID: 100100000}
  m_GameObject: {fileID: 157024}
  m_Material: {fileID: 0}
  m_IsTrigger: 0
  m_Enabled: 1
  serializedVersion: 2
  m_Size: {x: 1.2, y: 1.5, z: 1.5}
  m_Center: {x: 0, y: 0, z: 0}
--- !u!95 &9506238
Animator:
  serializedVersion: 3
  m_ObjectHideFlags: 1
  m_PrefabParentObject: {fileID: 0}
  m_PrefabInternal: {fileID: 100100000}
  m_GameObject: {fileID: 137398}
  m_Enabled: 1
  m_Avatar: {fileID: 9000000, guid: 7141415584ccb4f42a1637bcc4b69ee1, type: 3}
  m_Controller: {fileID: 9100000, guid: 6a27802f67c795f4e9154f8c06daa7ce, type: 2}
  m_CullingMode: 1
  m_UpdateMode: 1
  m_ApplyRootMotion: 0
  m_LinearVelocityBlending: 0
  m_WarningMessage: 
  m_HasTransformHierarchy: 1
  m_AllowConstantClipSamplingOptimization: 1
--- !u!114 &11413254
MonoBehaviour:
  m_ObjectHideFlags: 1
  m_PrefabParentObject: {fileID: 0}
  m_PrefabInternal: {fileID: 100100000}
  m_GameObject: {fileID: 120052}
  m_Enabled: 1
  m_EditorHideFlags: 0
  m_Script: {fileID: 11500000, guid: 323d39606e016794391e28354462f36d, type: 3}
  m_Name: 
  m_EditorClassIdentifier: 
  attackSpeed: 2
  stopAttackOnHit: 1
  minimumAttackTime: 250
  stopAttackSpeed: 0.1
  damagePerHit: 2
  damageRecoveringSpeed: 2.5
  maxHitsPerAttack: 1
  handBone: {fileID: 459556}
  trail: {fileID: 0}
--- !u!114 &11425404
MonoBehaviour:
  m_ObjectHideFlags: 1
  m_PrefabParentObject: {fileID: 0}
  m_PrefabInternal: {fileID: 100100000}
  m_GameObject: {fileID: 137398}
  m_Enabled: 1
  m_EditorHideFlags: 0
  m_Script: {fileID: 11500000, guid: ce7a80d520cacc042b5fe14f373d8173, type: 3}
  m_Name: 
  m_EditorClassIdentifier: 
  m_MovingTurnSpeed: 600
  m_StationaryTurnSpeed: 360
  m_JumpPower: 6
  m_GravityMultiplier: 2
  m_RunCycleLegOffset: 0.2
  m_MoveSpeedMultiplier: 0.25
  m_AnimSpeedMultiplier: 1.2
  m_GroundCheckDistance: 0.3
  collisionMask:
    serializedVersion: 2
    m_Bits: 4294963711
--- !u!114 &11444994
MonoBehaviour:
  m_ObjectHideFlags: 1
  m_PrefabParentObject: {fileID: 0}
  m_PrefabInternal: {fileID: 100100000}
  m_GameObject: {fileID: 182350}
  m_Enabled: 1
  m_EditorHideFlags: 0
  m_Script: {fileID: 11500000, guid: 323d39606e016794391e28354462f36d, type: 3}
  m_Name: 
  m_EditorClassIdentifier: 
  attackSpeed: 1
  stopAttackOnHit: 1
  minimumAttackTime: 200
  stopAttackSpeed: 0.1
  damagePerHit: 5
  damageRecoveringSpeed: 2.5
  maxHitsPerAttack: 1
  handBone: {fileID: 488848}
  trail: {fileID: 0}
--- !u!114 &11455448
MonoBehaviour:
  m_ObjectHideFlags: 1
  m_PrefabParentObject: {fileID: 0}
  m_PrefabInternal: {fileID: 100100000}
  m_GameObject: {fileID: 196932}
  m_Enabled: 1
  m_EditorHideFlags: 0
  m_Script: {fileID: 11500000, guid: 5fe2c32a58079c54d9e37fa3faadd916, type: 3}
  m_Name: 
  m_EditorClassIdentifier: 
  target: {fileID: 420530}
  offset: {x: -0.05, y: 2, z: 0}
  clampToScreen: 0
  clampBorderSize: 0.05
  useMainCamera: 1
  cameraToUse: {fileID: 0}
  DestroyAfterTime: 0
  TimeUntilDestruction: 5
  isPicture: 0
  scaling: 2
--- !u!114 &11458466
MonoBehaviour:
  m_ObjectHideFlags: 1
  m_PrefabParentObject: {fileID: 0}
  m_PrefabInternal: {fileID: 100100000}
  m_GameObject: {fileID: 137398}
  m_Enabled: 1
  m_EditorHideFlags: 0
  m_Script: {fileID: 11500000, guid: 8d9a298a515b2cb4f84368a548e5d1c9, type: 3}
  m_Name: 
  m_EditorClassIdentifier: 
  behaviour: 8
  minCameraDistance: 20
  rotateOnDetect: 1
  stareOnTarget: 1
  focusOnOne: 0
  followWhiteRabbit: 0
  followEnemy: 1
  followFriend: 0
  hitCooldownMin: 1500
  hitCooldownMax: 3000
  sensors:
    blockRadius: 1.8
    blockColor: {r: 0.9450981, g: 0.9058824, b: 0.6862745, a: 1}
    followDistanceToPlayer: 2
    attackRadius: 1.1
    attackColor: {r: 0.75735295, g: 0, b: 0, a: 1}
    characterLayerMask:
      serializedVersion: 2
      m_Bits: 256
  patrolWayPoints: []
  patrolWaitTime: 1
  patrol: 0
  callFriends: 0
  maxNumberOfFriends: 0
  behaviourMode: 0
  minWaitTimeForBehaviourSwitch: 2
--- !u!114 &11465092
MonoBehaviour:
  m_ObjectHideFlags: 1
  m_PrefabParentObject: {fileID: 0}
  m_PrefabInternal: {fileID: 100100000}
  m_GameObject: {fileID: 137398}
  m_Enabled: 1
  m_EditorHideFlags: 0
  m_Script: {fileID: 11500000, guid: 7f90b77d97d0ab24581a2c4a1aeb176e, type: 3}
  m_Name: 
  m_EditorClassIdentifier: 
  type: 3
  state: 0
  friendlyFire: 0
  delayOnAttackHit: 0.25
  canSwitchWeapons: 1
  baseAttackSpeed: 0.25
  baseAttackDamage: 1
  slideDuration: 0.15
  slideDistance: 0.5
  slideAngle: 45
  backStepDistance: 2
  backStepDuration: 0.15
  weaponManager:
    startWeaponSet: 0
    ignoreAttackStop: 0
    weaponSet1:
      layerIndex: 1
      slowWeapon: {fileID: 11444994}
      fastWeapon: {fileID: 11413254}
    weaponSet2:
      layerIndex: 2
      slowWeapon: {fileID: 0}
      fastWeapon: {fileID: 0}
  sensors:
    lookFrequency: 0.15
    lookRadius: 5
    visualContact: 1
    lookColor: {r: 0.8014706, g: 0.041252155, b: 0.041252155, a: 1}
    characterLayerMask:
      serializedVersion: 2
      m_Bits: 256
    nonCharacterLayerMask:
      serializedVersion: 2
      m_Bits: 4294963455
  collisionManager:
    weaponMask:
      serializedVersion: 2
      m_Bits: 512
    blockMask:
      serializedVersion: 2
      m_Bits: 1024
    bodyMask:
      serializedVersion: 2
      m_Bits: 2048
    itemMask:
      serializedVersion: 2
      m_Bits: 4096
    blockCollider: {fileID: 6527932}
  currentSeq: 0
--- !u!114 &11465612
MonoBehaviour:
  m_ObjectHideFlags: 1
  m_PrefabParentObject: {fileID: 0}
  m_PrefabInternal: {fileID: 100100000}
  m_GameObject: {fileID: 137398}
  m_Enabled: 1
  m_EditorHideFlags: 0
  m_Script: {fileID: 11500000, guid: 24fccd643e11c4c0caf251faeafa689a, type: 3}
  m_Name: 
  m_EditorClassIdentifier: 
  DeactivateRenderer: 0
--- !u!114 &11466208
MonoBehaviour:
  m_ObjectHideFlags: 1
  m_PrefabParentObject: {fileID: 0}
  m_PrefabInternal: {fileID: 100100000}
  m_GameObject: {fileID: 196932}
  m_Enabled: 0
  m_EditorHideFlags: 0
  m_Script: {fileID: 708705254, guid: f5f67c52d1564df4a8936ccd202a3bd8, type: 3}
  m_Name: 
  m_EditorClassIdentifier: 
  m_Material: {fileID: 0}
  m_Color: {r: 0.19607843, g: 0.19607843, b: 0.19607843, a: 1}
  m_RaycastTarget: 1
  m_OnCullStateChanged:
    m_PersistentCalls:
      m_Calls: []
    m_TypeName: UnityEngine.UI.MaskableGraphic+CullStateChangedEvent, UnityEngine.UI,
      Version=1.0.0.0, Culture=neutral, PublicKeyToken=null
  m_FontData:
    m_Font: {fileID: 12800000, guid: 129a7991674b8a44aacfe01cb80b9d53, type: 3}
    m_FontSize: 14
    m_FontStyle: 0
    m_BestFit: 0
    m_MinSize: 10
    m_MaxSize: 40
    m_Alignment: 0
    m_AlignByGeometry: 0
    m_RichText: 1
    m_HorizontalOverflow: 0
    m_VerticalOverflow: 0
    m_LineSpacing: 1
  m_Text: 
--- !u!114 &11499966
MonoBehaviour:
  m_ObjectHideFlags: 1
  m_PrefabParentObject: {fileID: 0}
  m_PrefabInternal: {fileID: 100100000}
  m_GameObject: {fileID: 137398}
  m_Enabled: 1
  m_EditorHideFlags: 0
  m_Script: {fileID: 11500000, guid: f796d21043e984a4098b62d6b526e847, type: 3}
  m_Name: 
  m_EditorClassIdentifier: 
  avatarName: Drunkard
  collectHealth: 0
  collectFaith: 0
  collectMoney: 0
  health: 0.25
  MaxHealth: 1
  faith: 0
  MaxFaith: 1
  maxProtection: 0
  groundType: 0
  money: 0
  guiDebug:
    m_Name: 
    m_Normal:
      m_Background: {fileID: 0}
      m_TextColor: {r: 0, g: 0, b: 0, a: 1}
    m_Hover:
      m_Background: {fileID: 0}
      m_TextColor: {r: 0, g: 0, b: 0, a: 1}
    m_Active:
      m_Background: {fileID: 0}
      m_TextColor: {r: 0, g: 0, b: 0, a: 1}
    m_Focused:
      m_Background: {fileID: 0}
      m_TextColor: {r: 0, g: 0, b: 0, a: 1}
    m_OnNormal:
      m_Background: {fileID: 0}
      m_TextColor: {r: 0, g: 0, b: 0, a: 1}
    m_OnHover:
      m_Background: {fileID: 0}
      m_TextColor: {r: 0, g: 0, b: 0, a: 1}
    m_OnActive:
      m_Background: {fileID: 0}
      m_TextColor: {r: 0, g: 0, b: 0, a: 1}
    m_OnFocused:
      m_Background: {fileID: 0}
      m_TextColor: {r: 0, g: 0, b: 0, a: 1}
    m_Border:
      m_Left: 0
      m_Right: 0
      m_Top: 0
      m_Bottom: 0
    m_Margin:
      m_Left: 0
      m_Right: 0
      m_Top: 0
      m_Bottom: 0
    m_Padding:
      m_Left: 0
      m_Right: 0
      m_Top: 0
      m_Bottom: 0
    m_Overflow:
      m_Left: 0
      m_Right: 0
      m_Top: 0
      m_Bottom: 0
    m_Font: {fileID: 0}
    m_FontSize: 0
    m_FontStyle: 0
    m_Alignment: 0
    m_WordWrap: 0
    m_RichText: 1
    m_TextClipping: 0
    m_ImagePosition: 0
    m_ContentOffset: {x: 0, y: 0}
    m_FixedWidth: 0
    m_FixedHeight: 0
    m_StretchWidth: 1
    m_StretchHeight: 0
  fightingSpiritAttackSpedModifier: 2
  fightingSpiritBoostsAttackSpeed: 0
  fightingSpiritDamageModifier: 1
  fightingSpiritBoostsDamage: 1
  fightingSpiritMovementModifier: 1
  fightingSpiritBoostsMovementSpeed: 1
  UseColor: 1
  HumanColor: {r: 0.86764705, g: 0.55649084, b: 0, a: 1}
  CharacterMeshChildName: Typ_3
  convertToRagdoll: 1
  ragdollPrefab: {fileID: 100902, guid: 12391251022a74562a6e87d18907c75a, type: 2}
  npcBehaviour: {fileID: 0}
  ShowBoostHight: 0
  boostHighlightColor: {r: 0, g: 0, b: 0, a: 0}
--- !u!132 &13258222
GUIText:
  m_ObjectHideFlags: 1
  m_PrefabParentObject: {fileID: 0}
  m_PrefabInternal: {fileID: 100100000}
  m_GameObject: {fileID: 196932}
  m_Enabled: 1
  serializedVersion: 3
  m_Text: Drunkard
  m_Anchor: 0
  m_Alignment: 0
  m_PixelOffset: {x: 0, y: 0}
  m_LineSpacing: 1
  m_TabSize: 4
  m_Font: {fileID: 12800000, guid: 129a7991674b8a44aacfe01cb80b9d53, type: 3}
  m_Material: {fileID: 0}
  m_FontSize: 0
  m_FontStyle: 0
  m_Color:
    serializedVersion: 2
    rgba: 4287223039
  m_PixelCorrect: 1
  m_RichText: 1
--- !u!136 &13689772
CapsuleCollider:
  m_ObjectHideFlags: 1
  m_PrefabParentObject: {fileID: 0}
  m_PrefabInternal: {fileID: 100100000}
  m_GameObject: {fileID: 137398}
  m_Material: {fileID: 13400000, guid: c2815a7ab32e42c4bb42f59caacb8ec1, type: 2}
  m_IsTrigger: 0
  m_Enabled: 1
  m_Radius: 0.5
  m_Height: 1.8
  m_Direction: 1
  m_Center: {x: 0, y: 0.9, z: 0}
--- !u!137 &13765840
SkinnedMeshRenderer:
  m_ObjectHideFlags: 1
  m_PrefabParentObject: {fileID: 0}
  m_PrefabInternal: {fileID: 100100000}
  m_GameObject: {fileID: 192296}
  m_Enabled: 1
  m_CastShadows: 1
  m_ReceiveShadows: 1
  m_Materials:
  - {fileID: 2100000, guid: a5d48683b5bd5441988b4638cdfee657, type: 2}
  m_SubsetIndices: 
  m_StaticBatchRoot: {fileID: 0}
  m_UseLightProbes: 1
  m_ReflectionProbeUsage: 1
  m_ProbeAnchor: {fileID: 0}
  m_ScaleInLightmap: 1
  m_PreserveUVs: 0
  m_IgnoreNormalsForChartDetection: 0
  m_ImportantGI: 0
  m_MinimumChartSize: 4
  m_AutoUVMaxDistance: 0.5
  m_AutoUVMaxAngle: 89
  m_LightmapParameters: {fileID: 0}
  m_SortingLayerID: 0
  m_SortingOrder: 0
  serializedVersion: 2
  m_Quality: 0
  m_UpdateWhenOffscreen: 0
  m_Mesh: {fileID: 4300002, guid: ba4f9e75cab2745fea4e7a4f7922372b, type: 3}
  m_Bones:
  - {fileID: 488848}
  - {fileID: 417932}
  - {fileID: 473258}
  - {fileID: 439832}
  - {fileID: 423858}
  - {fileID: 412826}
  - {fileID: 403578}
  - {fileID: 436530}
  - {fileID: 437372}
  - {fileID: 410298}
  - {fileID: 474272}
  - {fileID: 427276}
  - {fileID: 435686}
  - {fileID: 480212}
  - {fileID: 483990}
  - {fileID: 483840}
  - {fileID: 421518}
  - {fileID: 435320}
  - {fileID: 459556}
  - {fileID: 407750}
  - {fileID: 482600}
  - {fileID: 488360}
  - {fileID: 403228}
  - {fileID: 439698}
  - {fileID: 436174}
  - {fileID: 417638}
  - {fileID: 442672}
  - {fileID: 465744}
  - {fileID: 440510}
  - {fileID: 485140}
  - {fileID: 468576}
  - {fileID: 447118}
  - {fileID: 461576}
  - {fileID: 461980}
  - {fileID: 478846}
  - {fileID: 418136}
  - {fileID: 450604}
  - {fileID: 463650}
  - {fileID: 443128}
  - {fileID: 433830}
  - {fileID: 413410}
  m_BlendShapeWeights: []
  m_RootBone: {fileID: 443128}
  m_AABB:
    m_Center: {x: 0.000790745, y: 0.20858769, z: 0.06253585}
    m_Extent: {x: 0.8910825, y: 0.20721032, z: 0.1729937}
  m_DirtyAABB: 0
--- !u!137 &13771054
SkinnedMeshRenderer:
  m_ObjectHideFlags: 1
  m_PrefabParentObject: {fileID: 0}
  m_PrefabInternal: {fileID: 100100000}
  m_GameObject: {fileID: 108226}
  m_Enabled: 1
  m_CastShadows: 1
  m_ReceiveShadows: 1
  m_Materials:
  - {fileID: 2100000, guid: 30f18929ec4644bd18623a81b08b701b, type: 2}
  m_SubsetIndices: 
  m_StaticBatchRoot: {fileID: 0}
  m_UseLightProbes: 1
  m_ReflectionProbeUsage: 1
  m_ProbeAnchor: {fileID: 0}
  m_ScaleInLightmap: 1
  m_PreserveUVs: 0
  m_IgnoreNormalsForChartDetection: 0
  m_ImportantGI: 0
  m_MinimumChartSize: 4
  m_AutoUVMaxDistance: 0.5
  m_AutoUVMaxAngle: 89
  m_LightmapParameters: {fileID: 0}
  m_SortingLayerID: 0
  m_SortingOrder: 0
  serializedVersion: 2
  m_Quality: 0
  m_UpdateWhenOffscreen: 0
  m_Mesh: {fileID: 4300000, guid: ba4f9e75cab2745fea4e7a4f7922372b, type: 3}
  m_Bones:
  - {fileID: 498692}
  - {fileID: 467546}
  - {fileID: 488874}
  - {fileID: 425074}
  - {fileID: 468766}
  - {fileID: 481694}
  - {fileID: 478586}
  - {fileID: 498976}
  - {fileID: 492018}
  - {fileID: 413410}
  - {fileID: 418136}
  - {fileID: 443128}
  - {fileID: 438392}
  - {fileID: 439698}
  - {fileID: 459556}
  - {fileID: 436174}
  - {fileID: 457356}
  - {fileID: 433830}
  - {fileID: 435320}
  - {fileID: 488848}
  - {fileID: 412826}
  - {fileID: 423858}
  - {fileID: 450604}
  - {fileID: 463650}
  m_BlendShapeWeights: []
  m_RootBone: {fileID: 492018}
  m_AABB:
    m_Center: {x: -0.002228856, y: -0.2904972, z: 0.028232858}
    m_Extent: {x: 0.70487034, y: 0.844087, z: 0.3128103}
  m_DirtyAABB: 0
--- !u!195 &19529904
NavMeshAgent:
  m_ObjectHideFlags: 1
  m_PrefabParentObject: {fileID: 0}
  m_PrefabInternal: {fileID: 100100000}
  m_GameObject: {fileID: 137398}
  m_Enabled: 1
  m_Radius: 0.5
  m_Speed: 1
  m_Acceleration: 1
  avoidancePriority: 50
  m_AngularSpeed: 120
  m_StoppingDistance: 0
  m_AutoTraverseOffMeshLink: 1
  m_AutoBraking: 1
  m_AutoRepath: 1
  m_Height: 2
  m_BaseOffset: 0
  m_WalkableMask: 4294967295
  m_ObstacleAvoidanceType: 4
--- !u!222 &22233424
CanvasRenderer:
  m_ObjectHideFlags: 1
  m_PrefabParentObject: {fileID: 0}
  m_PrefabInternal: {fileID: 100100000}
  m_GameObject: {fileID: 196932}
--- !u!224 &22445624
RectTransform:
  m_ObjectHideFlags: 1
  m_PrefabParentObject: {fileID: 0}
  m_PrefabInternal: {fileID: 100100000}
  m_GameObject: {fileID: 196932}
  m_LocalRotation: {x: -0.0018389897, y: 0.9525299, z: -0.0010122245, w: -0.3044379}
  m_LocalPosition: {x: 0, y: 0, z: 0}
  m_LocalScale: {x: 0.58177096, y: 0.58177084, z: 0.5817711}
  m_Children: []
  m_Father: {fileID: 420530}
  m_RootOrder: 5
  m_AnchorMin: {x: 0.5, y: 0.5}
  m_AnchorMax: {x: 0.5, y: 0.5}
  m_AnchoredPosition: {x: 0, y: 0}
  m_SizeDelta: {x: 160, y: 30}
  m_Pivot: {x: 0.5, y: 0.5}
--- !u!1001 &100100000
Prefab:
  m_ObjectHideFlags: 1
  serializedVersion: 2
  m_Modification:
    m_TransformParent: {fileID: 0}
    m_Modifications: []
    m_RemovedComponents: []
  m_ParentPrefab: {fileID: 0}
  m_RootGameObject: {fileID: 137398}
  m_IsPrefabParent: 1
