%YAML 1.1
%TAG !u! tag:unity3d.com,2011:
--- !u!1 &101736
GameObject:
  m_ObjectHideFlags: 1
  m_PrefabParentObject: {fileID: 0}
  m_PrefabInternal: {fileID: 100100000}
  serializedVersion: 4
  m_Component:
  - 4: {fileID: 498028}
  m_Layer: 8
  m_Name: mixamorig:RightToe_End
  m_TagString: Untagged
  m_Icon: {fileID: 0}
  m_NavMeshLayer: 0
  m_StaticEditorFlags: 0
  m_IsActive: 1
--- !u!1 &102328
GameObject:
  m_ObjectHideFlags: 1
  m_PrefabParentObject: {fileID: 0}
  m_PrefabInternal: {fileID: 100100000}
  serializedVersion: 4
  m_Component:
  - 4: {fileID: 468248}
  m_Layer: 8
  m_Name: mixamorig:LeftHandIndex1
  m_TagString: Untagged
  m_Icon: {fileID: 0}
  m_NavMeshLayer: 0
  m_StaticEditorFlags: 0
  m_IsActive: 1
--- !u!1 &102414
GameObject:
  m_ObjectHideFlags: 1
  m_PrefabParentObject: {fileID: 0}
  m_PrefabInternal: {fileID: 100100000}
  serializedVersion: 4
  m_Component:
  - 4: {fileID: 408122}
  - 33: {fileID: 3380486}
  - 65: {fileID: 6560142}
  - 23: {fileID: 2342432}
  m_Layer: 8
  m_Name: rightLeg
  m_TagString: Untagged
  m_Icon: {fileID: 0}
  m_NavMeshLayer: 0
  m_StaticEditorFlags: 0
  m_IsActive: 0
--- !u!1 &102766
GameObject:
  m_ObjectHideFlags: 0
  m_PrefabParentObject: {fileID: 0}
  m_PrefabInternal: {fileID: 100100000}
  serializedVersion: 4
  m_Component:
  - 4: {fileID: 402352}
  - 95: {fileID: 9554408}
  - 136: {fileID: 13641426}
  - 54: {fileID: 5451284}
  - 114: {fileID: 11454690}
  - 114: {fileID: 11498330}
  - 195: {fileID: 19559782}
  - 114: {fileID: 11481522}
  - 114: {fileID: 11480940}
  - 114: {fileID: 11405660}
  m_Layer: 8
  m_Name: FriendFighter_AS0.4_RS0.5_H0.5_St2
  m_TagString: Untagged
  m_Icon: {fileID: 0}
  m_NavMeshLayer: 0
  m_StaticEditorFlags: 0
  m_IsActive: 1
--- !u!1 &104632
GameObject:
  m_ObjectHideFlags: 1
  m_PrefabParentObject: {fileID: 0}
  m_PrefabInternal: {fileID: 100100000}
  serializedVersion: 4
  m_Component:
  - 4: {fileID: 423706}
  m_Layer: 8
  m_Name: mixamorig:LeftHandPinky2
  m_TagString: Untagged
  m_Icon: {fileID: 0}
  m_NavMeshLayer: 0
  m_StaticEditorFlags: 0
  m_IsActive: 1
--- !u!1 &106478
GameObject:
  m_ObjectHideFlags: 1
  m_PrefabParentObject: {fileID: 0}
  m_PrefabInternal: {fileID: 100100000}
  serializedVersion: 4
  m_Component:
  - 4: {fileID: 404482}
  m_Layer: 8
  m_Name: mixamorig:LeftHandMiddle4
  m_TagString: Untagged
  m_Icon: {fileID: 0}
  m_NavMeshLayer: 0
  m_StaticEditorFlags: 0
  m_IsActive: 1
--- !u!1 &110566
GameObject:
  m_ObjectHideFlags: 1
  m_PrefabParentObject: {fileID: 0}
  m_PrefabInternal: {fileID: 100100000}
  serializedVersion: 4
  m_Component:
  - 4: {fileID: 431658}
  m_Layer: 8
  m_Name: mixamorig:LeftHandRing3
  m_TagString: Untagged
  m_Icon: {fileID: 0}
  m_NavMeshLayer: 0
  m_StaticEditorFlags: 0
  m_IsActive: 1
--- !u!1 &110568
GameObject:
  m_ObjectHideFlags: 1
  m_PrefabParentObject: {fileID: 0}
  m_PrefabInternal: {fileID: 100100000}
  serializedVersion: 4
  m_Component:
  - 4: {fileID: 413284}
  m_Layer: 8
  m_Name: mixamorig:Spine
  m_TagString: Untagged
  m_Icon: {fileID: 0}
  m_NavMeshLayer: 0
  m_StaticEditorFlags: 0
  m_IsActive: 1
--- !u!1 &114594
GameObject:
  m_ObjectHideFlags: 1
  m_PrefabParentObject: {fileID: 0}
  m_PrefabInternal: {fileID: 100100000}
  serializedVersion: 4
  m_Component:
  - 4: {fileID: 412932}
  m_Layer: 8
  m_Name: mixamorig:Spine2
  m_TagString: Untagged
  m_Icon: {fileID: 0}
  m_NavMeshLayer: 0
  m_StaticEditorFlags: 0
  m_IsActive: 1
--- !u!1 &116364
GameObject:
  m_ObjectHideFlags: 1
  m_PrefabParentObject: {fileID: 0}
  m_PrefabInternal: {fileID: 100100000}
  serializedVersion: 4
  m_Component:
  - 4: {fileID: 497844}
  m_Layer: 8
  m_Name: mixamorig:LeftHandThumb3
  m_TagString: Untagged
  m_Icon: {fileID: 0}
  m_NavMeshLayer: 0
  m_StaticEditorFlags: 0
  m_IsActive: 1
--- !u!1 &117812
GameObject:
  m_ObjectHideFlags: 1
  m_PrefabParentObject: {fileID: 0}
  m_PrefabInternal: {fileID: 100100000}
  serializedVersion: 4
  m_Component:
  - 4: {fileID: 448644}
  m_Layer: 8
  m_Name: mixamorig:RightHandMiddle1
  m_TagString: Untagged
  m_Icon: {fileID: 0}
  m_NavMeshLayer: 0
  m_StaticEditorFlags: 0
  m_IsActive: 1
--- !u!1 &118564
GameObject:
  m_ObjectHideFlags: 0
  m_PrefabParentObject: {fileID: 0}
  m_PrefabInternal: {fileID: 100100000}
  serializedVersion: 4
  m_Component:
  - 4: {fileID: 427216}
  m_Layer: 8
  m_Name: mixamorig:Hips
  m_TagString: Untagged
  m_Icon: {fileID: 0}
  m_NavMeshLayer: 0
  m_StaticEditorFlags: 0
  m_IsActive: 1
--- !u!1 &123586
GameObject:
  m_ObjectHideFlags: 1
  m_PrefabParentObject: {fileID: 0}
  m_PrefabInternal: {fileID: 100100000}
  serializedVersion: 4
  m_Component:
  - 4: {fileID: 443238}
  m_Layer: 8
  m_Name: mixamorig:RightHandPinky4
  m_TagString: Untagged
  m_Icon: {fileID: 0}
  m_NavMeshLayer: 0
  m_StaticEditorFlags: 0
  m_IsActive: 1
--- !u!1 &126950
GameObject:
  m_ObjectHideFlags: 1
  m_PrefabParentObject: {fileID: 0}
  m_PrefabInternal: {fileID: 100100000}
  serializedVersion: 4
  m_Component:
  - 4: {fileID: 401802}
  m_Layer: 8
  m_Name: mixamorig:RightHandRing4
  m_TagString: Untagged
  m_Icon: {fileID: 0}
  m_NavMeshLayer: 0
  m_StaticEditorFlags: 0
  m_IsActive: 1
--- !u!1 &129888
GameObject:
  m_ObjectHideFlags: 0
  m_PrefabParentObject: {fileID: 0}
  m_PrefabInternal: {fileID: 100100000}
  serializedVersion: 4
  m_Component:
  - 4: {fileID: 477068}
  - 137: {fileID: 13744188}
  m_Layer: 0
  m_Name: Haar
  m_TagString: Untagged
  m_Icon: {fileID: 0}
  m_NavMeshLayer: 0
  m_StaticEditorFlags: 0
  m_IsActive: 1
--- !u!1 &131378
GameObject:
  m_ObjectHideFlags: 1
  m_PrefabParentObject: {fileID: 0}
  m_PrefabInternal: {fileID: 100100000}
  serializedVersion: 4
  m_Component:
  - 4: {fileID: 497900}
  - 33: {fileID: 3305082}
  - 65: {fileID: 6553170}
  - 23: {fileID: 2398914}
  m_Layer: 11
  m_Name: body
  m_TagString: Untagged
  m_Icon: {fileID: 0}
  m_NavMeshLayer: 0
  m_StaticEditorFlags: 0
  m_IsActive: 1
--- !u!1 &134026
GameObject:
  m_ObjectHideFlags: 0
  m_PrefabParentObject: {fileID: 0}
  m_PrefabInternal: {fileID: 100100000}
  serializedVersion: 4
  m_Component:
  - 4: {fileID: 472210}
  - 137: {fileID: 13724724}
  m_Layer: 0
  m_Name: Outfit
  m_TagString: Untagged
  m_Icon: {fileID: 0}
  m_NavMeshLayer: 0
  m_StaticEditorFlags: 0
  m_IsActive: 1
--- !u!1 &134070
GameObject:
  m_ObjectHideFlags: 1
  m_PrefabParentObject: {fileID: 0}
  m_PrefabInternal: {fileID: 100100000}
  serializedVersion: 4
  m_Component:
  - 4: {fileID: 477120}
  m_Layer: 8
  m_Name: mixamorig:LeftHandThumb4
  m_TagString: Untagged
  m_Icon: {fileID: 0}
  m_NavMeshLayer: 0
  m_StaticEditorFlags: 0
  m_IsActive: 1
--- !u!1 &136332
GameObject:
  m_ObjectHideFlags: 1
  m_PrefabParentObject: {fileID: 0}
  m_PrefabInternal: {fileID: 100100000}
  serializedVersion: 4
  m_Component:
  - 4: {fileID: 432056}
  m_Layer: 8
  m_Name: mixamorig:RightForeArm
  m_TagString: Untagged
  m_Icon: {fileID: 0}
  m_NavMeshLayer: 0
  m_StaticEditorFlags: 0
  m_IsActive: 1
--- !u!1 &136620
GameObject:
  m_ObjectHideFlags: 1
  m_PrefabParentObject: {fileID: 0}
  m_PrefabInternal: {fileID: 100100000}
  serializedVersion: 4
  m_Component:
  - 4: {fileID: 409436}
  m_Layer: 8
  m_Name: mixamorig:RightHandIndex4
  m_TagString: Untagged
  m_Icon: {fileID: 0}
  m_NavMeshLayer: 0
  m_StaticEditorFlags: 0
  m_IsActive: 1
--- !u!1 &136678
GameObject:
  m_ObjectHideFlags: 1
  m_PrefabParentObject: {fileID: 0}
  m_PrefabInternal: {fileID: 100100000}
  serializedVersion: 4
  m_Component:
  - 4: {fileID: 432420}
  - 33: {fileID: 3317502}
  - 65: {fileID: 6506038}
  - 23: {fileID: 2377112}
  m_Layer: 11
  m_Name: shoulders
  m_TagString: Untagged
  m_Icon: {fileID: 0}
  m_NavMeshLayer: 0
  m_StaticEditorFlags: 0
  m_IsActive: 1
--- !u!1 &136704
GameObject:
  m_ObjectHideFlags: 1
  m_PrefabParentObject: {fileID: 0}
  m_PrefabInternal: {fileID: 100100000}
  serializedVersion: 4
  m_Component:
  - 4: {fileID: 420166}
  m_Layer: 8
  m_Name: mixamorig:RightToeBase
  m_TagString: Untagged
  m_Icon: {fileID: 0}
  m_NavMeshLayer: 0
  m_StaticEditorFlags: 0
  m_IsActive: 1
--- !u!1 &138146
GameObject:
  m_ObjectHideFlags: 1
  m_PrefabParentObject: {fileID: 0}
  m_PrefabInternal: {fileID: 100100000}
  serializedVersion: 4
  m_Component:
  - 4: {fileID: 444388}
  m_Layer: 8
  m_Name: mixamorig:RightHandThumb3
  m_TagString: Untagged
  m_Icon: {fileID: 0}
  m_NavMeshLayer: 0
  m_StaticEditorFlags: 0
  m_IsActive: 1
--- !u!1 &138200
GameObject:
  m_ObjectHideFlags: 1
  m_PrefabParentObject: {fileID: 0}
  m_PrefabInternal: {fileID: 100100000}
  serializedVersion: 4
  m_Component:
  - 4: {fileID: 443336}
  m_Layer: 8
  m_Name: mixamorig:LeftArm
  m_TagString: Untagged
  m_Icon: {fileID: 0}
  m_NavMeshLayer: 0
  m_StaticEditorFlags: 0
  m_IsActive: 1
--- !u!1 &139930
GameObject:
  m_ObjectHideFlags: 1
  m_PrefabParentObject: {fileID: 0}
  m_PrefabInternal: {fileID: 100100000}
  serializedVersion: 4
  m_Component:
  - 4: {fileID: 466604}
  m_Layer: 8
  m_Name: mixamorig:RightHandPinky3
  m_TagString: Untagged
  m_Icon: {fileID: 0}
  m_NavMeshLayer: 0
  m_StaticEditorFlags: 0
  m_IsActive: 1
--- !u!1 &139946
GameObject:
  m_ObjectHideFlags: 1
  m_PrefabParentObject: {fileID: 0}
  m_PrefabInternal: {fileID: 100100000}
  serializedVersion: 4
  m_Component:
  - 4: {fileID: 444098}
  m_Layer: 8
  m_Name: mixamorig:RightHand
  m_TagString: Untagged
  m_Icon: {fileID: 0}
  m_NavMeshLayer: 0
  m_StaticEditorFlags: 0
  m_IsActive: 1
--- !u!1 &141200
GameObject:
  m_ObjectHideFlags: 0
  m_PrefabParentObject: {fileID: 0}
  m_PrefabInternal: {fileID: 100100000}
  serializedVersion: 4
  m_Component:
  - 4: {fileID: 400150}
  - 33: {fileID: 3386912}
  - 65: {fileID: 6534812}
  m_Layer: 10
  m_Name: blockCube
  m_TagString: Untagged
  m_Icon: {fileID: 0}
  m_NavMeshLayer: 0
  m_StaticEditorFlags: 0
  m_IsActive: 1
--- !u!1 &141436
GameObject:
  m_ObjectHideFlags: 1
  m_PrefabParentObject: {fileID: 0}
  m_PrefabInternal: {fileID: 100100000}
  serializedVersion: 4
  m_Component:
  - 4: {fileID: 433448}
  m_Layer: 8
  m_Name: mixamorig:RightArm
  m_TagString: Untagged
  m_Icon: {fileID: 0}
  m_NavMeshLayer: 0
  m_StaticEditorFlags: 0
  m_IsActive: 1
--- !u!1 &145506
GameObject:
  m_ObjectHideFlags: 1
  m_PrefabParentObject: {fileID: 0}
  m_PrefabInternal: {fileID: 100100000}
  serializedVersion: 4
  m_Component:
  - 4: {fileID: 411940}
  - 33: {fileID: 3396566}
  - 23: {fileID: 2302668}
  - 65: {fileID: 6590486}
  - 114: {fileID: 11476208}
  m_Layer: 9
  m_Name: dagger
  m_TagString: Untagged
  m_Icon: {fileID: 0}
  m_NavMeshLayer: 0
  m_StaticEditorFlags: 0
  m_IsActive: 1
--- !u!1 &146638
GameObject:
  m_ObjectHideFlags: 1
  m_PrefabParentObject: {fileID: 0}
  m_PrefabInternal: {fileID: 100100000}
  serializedVersion: 4
  m_Component:
  - 4: {fileID: 415182}
  m_Layer: 8
  m_Name: mixamorig:RightHandRing1
  m_TagString: Untagged
  m_Icon: {fileID: 0}
  m_NavMeshLayer: 0
  m_StaticEditorFlags: 0
  m_IsActive: 1
--- !u!1 &151794
GameObject:
  m_ObjectHideFlags: 1
  m_PrefabParentObject: {fileID: 0}
  m_PrefabInternal: {fileID: 100100000}
  serializedVersion: 4
  m_Component:
  - 4: {fileID: 489354}
  m_Layer: 8
  m_Name: mixamorig:RightHandIndex2
  m_TagString: Untagged
  m_Icon: {fileID: 0}
  m_NavMeshLayer: 0
  m_StaticEditorFlags: 0
  m_IsActive: 1
--- !u!1 &153332
GameObject:
  m_ObjectHideFlags: 1
  m_PrefabParentObject: {fileID: 0}
  m_PrefabInternal: {fileID: 100100000}
  serializedVersion: 4
  m_Component:
  - 4: {fileID: 476416}
  m_Layer: 8
  m_Name: mixamorig:LeftToeBase
  m_TagString: Untagged
  m_Icon: {fileID: 0}
  m_NavMeshLayer: 0
  m_StaticEditorFlags: 0
  m_IsActive: 1
--- !u!1 &155492
GameObject:
  m_ObjectHideFlags: 1
  m_PrefabParentObject: {fileID: 0}
  m_PrefabInternal: {fileID: 100100000}
  serializedVersion: 4
  m_Component:
  - 4: {fileID: 407760}
  m_Layer: 8
  m_Name: mixamorig:RightHandMiddle2
  m_TagString: Untagged
  m_Icon: {fileID: 0}
  m_NavMeshLayer: 0
  m_StaticEditorFlags: 0
  m_IsActive: 1
--- !u!1 &156252
GameObject:
  m_ObjectHideFlags: 1
  m_PrefabParentObject: {fileID: 0}
  m_PrefabInternal: {fileID: 100100000}
  serializedVersion: 4
  m_Component:
  - 4: {fileID: 455950}
  m_Layer: 8
  m_Name: mixamorig:LeftHandIndex2
  m_TagString: Untagged
  m_Icon: {fileID: 0}
  m_NavMeshLayer: 0
  m_StaticEditorFlags: 0
  m_IsActive: 1
--- !u!1 &156566
GameObject:
  m_ObjectHideFlags: 1
  m_PrefabParentObject: {fileID: 0}
  m_PrefabInternal: {fileID: 100100000}
  serializedVersion: 4
  m_Component:
  - 4: {fileID: 406690}
  m_Layer: 8
  m_Name: mixamorig:RightUpLeg
  m_TagString: Untagged
  m_Icon: {fileID: 0}
  m_NavMeshLayer: 0
  m_StaticEditorFlags: 0
  m_IsActive: 1
--- !u!1 &157282
GameObject:
  m_ObjectHideFlags: 1
  m_PrefabParentObject: {fileID: 0}
  m_PrefabInternal: {fileID: 100100000}
  serializedVersion: 4
  m_Component:
  - 4: {fileID: 457120}
  m_Layer: 8
  m_Name: mixamorig:LeftForeArm
  m_TagString: Untagged
  m_Icon: {fileID: 0}
  m_NavMeshLayer: 0
  m_StaticEditorFlags: 0
  m_IsActive: 1
--- !u!1 &159484
GameObject:
  m_ObjectHideFlags: 1
  m_PrefabParentObject: {fileID: 0}
  m_PrefabInternal: {fileID: 100100000}
  serializedVersion: 4
  m_Component:
  - 4: {fileID: 479744}
  m_Layer: 8
  m_Name: mixamorig:Neck
  m_TagString: Untagged
  m_Icon: {fileID: 0}
  m_NavMeshLayer: 0
  m_StaticEditorFlags: 0
  m_IsActive: 1
--- !u!1 &159740
GameObject:
  m_ObjectHideFlags: 0
  m_PrefabParentObject: {fileID: 0}
  m_PrefabInternal: {fileID: 100100000}
  serializedVersion: 4
  m_Component:
  - 4: {fileID: 489548}
  m_Layer: 8
  m_Name: weapons
  m_TagString: Untagged
  m_Icon: {fileID: 0}
  m_NavMeshLayer: 0
  m_StaticEditorFlags: 0
  m_IsActive: 1
--- !u!1 &159864
GameObject:
  m_ObjectHideFlags: 1
  m_PrefabParentObject: {fileID: 0}
  m_PrefabInternal: {fileID: 100100000}
  serializedVersion: 4
  m_Component:
  - 4: {fileID: 432354}
  m_Layer: 8
  m_Name: mixamorig:RightShoulder
  m_TagString: Untagged
  m_Icon: {fileID: 0}
  m_NavMeshLayer: 0
  m_StaticEditorFlags: 0
  m_IsActive: 1
--- !u!1 &159894
GameObject:
  m_ObjectHideFlags: 1
  m_PrefabParentObject: {fileID: 0}
  m_PrefabInternal: {fileID: 100100000}
  serializedVersion: 4
  m_Component:
  - 4: {fileID: 456900}
  m_Layer: 8
  m_Name: mixamorig:RightHandIndex1
  m_TagString: Untagged
  m_Icon: {fileID: 0}
  m_NavMeshLayer: 0
  m_StaticEditorFlags: 0
  m_IsActive: 1
--- !u!1 &160290
GameObject:
  m_ObjectHideFlags: 1
  m_PrefabParentObject: {fileID: 0}
  m_PrefabInternal: {fileID: 100100000}
  serializedVersion: 4
  m_Component:
  - 4: {fileID: 428626}
  m_Layer: 8
  m_Name: mixamorig:LeftHandMiddle3
  m_TagString: Untagged
  m_Icon: {fileID: 0}
  m_NavMeshLayer: 0
  m_StaticEditorFlags: 0
  m_IsActive: 1
--- !u!1 &160500
GameObject:
  m_ObjectHideFlags: 1
  m_PrefabParentObject: {fileID: 0}
  m_PrefabInternal: {fileID: 100100000}
  serializedVersion: 4
  m_Component:
  - 4: {fileID: 497746}
  m_Layer: 8
  m_Name: mixamorig:LeftHandMiddle1
  m_TagString: Untagged
  m_Icon: {fileID: 0}
  m_NavMeshLayer: 0
  m_StaticEditorFlags: 0
  m_IsActive: 1
--- !u!1 &160840
GameObject:
  m_ObjectHideFlags: 1
  m_PrefabParentObject: {fileID: 0}
  m_PrefabInternal: {fileID: 100100000}
  serializedVersion: 4
  m_Component:
  - 4: {fileID: 421378}
  m_Layer: 8
  m_Name: mixamorig:LeftHandIndex4
  m_TagString: Untagged
  m_Icon: {fileID: 0}
  m_NavMeshLayer: 0
  m_StaticEditorFlags: 0
  m_IsActive: 1
--- !u!1 &162772
GameObject:
  m_ObjectHideFlags: 1
  m_PrefabParentObject: {fileID: 0}
  m_PrefabInternal: {fileID: 100100000}
  serializedVersion: 4
  m_Component:
  - 4: {fileID: 448014}
  m_Layer: 8
  m_Name: mixamorig:LeftHandRing1
  m_TagString: Untagged
  m_Icon: {fileID: 0}
  m_NavMeshLayer: 0
  m_StaticEditorFlags: 0
  m_IsActive: 1
--- !u!1 &163486
GameObject:
  m_ObjectHideFlags: 1
  m_PrefabParentObject: {fileID: 0}
  m_PrefabInternal: {fileID: 100100000}
  serializedVersion: 4
  m_Component:
  - 4: {fileID: 487308}
  m_Layer: 8
  m_Name: mixamorig:Spine1
  m_TagString: Untagged
  m_Icon: {fileID: 0}
  m_NavMeshLayer: 0
  m_StaticEditorFlags: 0
  m_IsActive: 1
--- !u!1 &163654
GameObject:
  m_ObjectHideFlags: 1
  m_PrefabParentObject: {fileID: 0}
  m_PrefabInternal: {fileID: 100100000}
  serializedVersion: 4
  m_Component:
  - 4: {fileID: 405434}
  m_Layer: 8
  m_Name: mixamorig:LeftHandMiddle2
  m_TagString: Untagged
  m_Icon: {fileID: 0}
  m_NavMeshLayer: 0
  m_StaticEditorFlags: 0
  m_IsActive: 1
--- !u!1 &164100
GameObject:
  m_ObjectHideFlags: 1
  m_PrefabParentObject: {fileID: 0}
  m_PrefabInternal: {fileID: 100100000}
  serializedVersion: 4
  m_Component:
  - 4: {fileID: 446250}
  m_Layer: 8
  m_Name: mixamorig:LeftHandThumb2
  m_TagString: Untagged
  m_Icon: {fileID: 0}
  m_NavMeshLayer: 0
  m_StaticEditorFlags: 0
  m_IsActive: 1
--- !u!1 &165192
GameObject:
  m_ObjectHideFlags: 1
  m_PrefabParentObject: {fileID: 0}
  m_PrefabInternal: {fileID: 100100000}
  serializedVersion: 4
  m_Component:
  - 4: {fileID: 497314}
  m_Layer: 8
  m_Name: mixamorig:RightHandIndex3
  m_TagString: Untagged
  m_Icon: {fileID: 0}
  m_NavMeshLayer: 0
  m_StaticEditorFlags: 0
  m_IsActive: 1
--- !u!1 &165358
GameObject:
  m_ObjectHideFlags: 1
  m_PrefabParentObject: {fileID: 0}
  m_PrefabInternal: {fileID: 100100000}
  serializedVersion: 4
  m_Component:
  - 4: {fileID: 436592}
  m_Layer: 8
  m_Name: mixamorig:RightHandPinky2
  m_TagString: Untagged
  m_Icon: {fileID: 0}
  m_NavMeshLayer: 0
  m_StaticEditorFlags: 0
  m_IsActive: 1
--- !u!1 &165594
GameObject:
  m_ObjectHideFlags: 1
  m_PrefabParentObject: {fileID: 0}
  m_PrefabInternal: {fileID: 100100000}
  serializedVersion: 4
  m_Component:
  - 4: {fileID: 424790}
  m_Layer: 8
  m_Name: mixamorig:Head
  m_TagString: Untagged
  m_Icon: {fileID: 0}
  m_NavMeshLayer: 0
  m_StaticEditorFlags: 0
  m_IsActive: 1
--- !u!1 &166470
GameObject:
  m_ObjectHideFlags: 1
  m_PrefabParentObject: {fileID: 0}
  m_PrefabInternal: {fileID: 100100000}
  serializedVersion: 4
  m_Component:
  - 4: {fileID: 482582}
  m_Layer: 8
  m_Name: mixamorig:RightHandThumb1
  m_TagString: Untagged
  m_Icon: {fileID: 0}
  m_NavMeshLayer: 0
  m_StaticEditorFlags: 0
  m_IsActive: 1
--- !u!1 &166986
GameObject:
  m_ObjectHideFlags: 1
  m_PrefabParentObject: {fileID: 0}
  m_PrefabInternal: {fileID: 100100000}
  serializedVersion: 4
  m_Component:
  - 4: {fileID: 439558}
  m_Layer: 8
  m_Name: mixamorig:RightHandMiddle4
  m_TagString: Untagged
  m_Icon: {fileID: 0}
  m_NavMeshLayer: 0
  m_StaticEditorFlags: 0
  m_IsActive: 1
--- !u!1 &169560
GameObject:
  m_ObjectHideFlags: 1
  m_PrefabParentObject: {fileID: 0}
  m_PrefabInternal: {fileID: 100100000}
  serializedVersion: 4
  m_Component:
  - 4: {fileID: 428596}
  m_Layer: 8
  m_Name: bodyCollider
  m_TagString: Untagged
  m_Icon: {fileID: 0}
  m_NavMeshLayer: 0
  m_StaticEditorFlags: 0
  m_IsActive: 1
--- !u!1 &171216
GameObject:
  m_ObjectHideFlags: 1
  m_PrefabParentObject: {fileID: 0}
  m_PrefabInternal: {fileID: 100100000}
  serializedVersion: 4
  m_Component:
  - 4: {fileID: 446358}
  - 33: {fileID: 3379952}
  - 65: {fileID: 6549828}
  - 23: {fileID: 2302912}
  m_Layer: 8
  m_Name: leftLeg
  m_TagString: Untagged
  m_Icon: {fileID: 0}
  m_NavMeshLayer: 0
  m_StaticEditorFlags: 0
  m_IsActive: 0
--- !u!1 &172914
GameObject:
  m_ObjectHideFlags: 1
  m_PrefabParentObject: {fileID: 0}
  m_PrefabInternal: {fileID: 100100000}
  serializedVersion: 4
  m_Component:
  - 4: {fileID: 422236}
  m_Layer: 8
  m_Name: mixamorig:LeftToe_End
  m_TagString: Untagged
  m_Icon: {fileID: 0}
  m_NavMeshLayer: 0
  m_StaticEditorFlags: 0
  m_IsActive: 1
--- !u!1 &173584
GameObject:
  m_ObjectHideFlags: 1
  m_PrefabParentObject: {fileID: 0}
  m_PrefabInternal: {fileID: 100100000}
  serializedVersion: 4
  m_Component:
  - 4: {fileID: 471860}
  m_Layer: 8
  m_Name: mixamorig:LeftFoot
  m_TagString: Untagged
  m_Icon: {fileID: 0}
  m_NavMeshLayer: 0
  m_StaticEditorFlags: 0
  m_IsActive: 1
--- !u!1 &173790
GameObject:
  m_ObjectHideFlags: 1
  m_PrefabParentObject: {fileID: 0}
  m_PrefabInternal: {fileID: 100100000}
  serializedVersion: 4
  m_Component:
  - 4: {fileID: 437848}
  m_Layer: 8
  m_Name: mixamorig:LeftLeg
  m_TagString: Untagged
  m_Icon: {fileID: 0}
  m_NavMeshLayer: 0
  m_StaticEditorFlags: 0
  m_IsActive: 1
--- !u!1 &175112
GameObject:
  m_ObjectHideFlags: 1
  m_PrefabParentObject: {fileID: 0}
  m_PrefabInternal: {fileID: 100100000}
  serializedVersion: 4
  m_Component:
  - 4: {fileID: 427866}
  m_Layer: 8
  m_Name: mixamorig:LeftHandPinky1
  m_TagString: Untagged
  m_Icon: {fileID: 0}
  m_NavMeshLayer: 0
  m_StaticEditorFlags: 0
  m_IsActive: 1
--- !u!1 &175976
GameObject:
  m_ObjectHideFlags: 0
  m_PrefabParentObject: {fileID: 0}
  m_PrefabInternal: {fileID: 100100000}
  serializedVersion: 4
  m_Component:
  - 224: {fileID: 22491030}
  - 222: {fileID: 22244532}
  - 114: {fileID: 11476540}
  - 132: {fileID: 13220044}
  - 114: {fileID: 11425860}
  - 114: {fileID: 11492700}
  m_Layer: 5
  m_Name: FriendsName
  m_TagString: Untagged
  m_Icon: {fileID: 0}
  m_NavMeshLayer: 0
  m_StaticEditorFlags: 0
  m_IsActive: 1
--- !u!1 &176464
GameObject:
  m_ObjectHideFlags: 1
  m_PrefabParentObject: {fileID: 0}
  m_PrefabInternal: {fileID: 100100000}
  serializedVersion: 4
  m_Component:
  - 4: {fileID: 428716}
  m_Layer: 8
  m_Name: mixamorig:RightHandRing2
  m_TagString: Untagged
  m_Icon: {fileID: 0}
  m_NavMeshLayer: 0
  m_StaticEditorFlags: 0
  m_IsActive: 1
--- !u!1 &180400
GameObject:
  m_ObjectHideFlags: 1
  m_PrefabParentObject: {fileID: 0}
  m_PrefabInternal: {fileID: 100100000}
  serializedVersion: 4
  m_Component:
  - 4: {fileID: 410730}
  m_Layer: 8
  m_Name: mixamorig:LeftHandRing4
  m_TagString: Untagged
  m_Icon: {fileID: 0}
  m_NavMeshLayer: 0
  m_StaticEditorFlags: 0
  m_IsActive: 1
--- !u!1 &180876
GameObject:
  m_ObjectHideFlags: 1
  m_PrefabParentObject: {fileID: 0}
  m_PrefabInternal: {fileID: 100100000}
  serializedVersion: 4
  m_Component:
  - 4: {fileID: 423430}
  m_Layer: 8
  m_Name: mixamorig:LeftHand
  m_TagString: Untagged
  m_Icon: {fileID: 0}
  m_NavMeshLayer: 0
  m_StaticEditorFlags: 0
  m_IsActive: 1
--- !u!1 &181364
GameObject:
  m_ObjectHideFlags: 1
  m_PrefabParentObject: {fileID: 0}
  m_PrefabInternal: {fileID: 100100000}
  serializedVersion: 4
  m_Component:
  - 4: {fileID: 408502}
  m_Layer: 8
  m_Name: mixamorig:RightHandPinky1
  m_TagString: Untagged
  m_Icon: {fileID: 0}
  m_NavMeshLayer: 0
  m_StaticEditorFlags: 0
  m_IsActive: 1
--- !u!1 &182750
GameObject:
  m_ObjectHideFlags: 1
  m_PrefabParentObject: {fileID: 0}
  m_PrefabInternal: {fileID: 100100000}
  serializedVersion: 4
  m_Component:
  - 4: {fileID: 441048}
  m_Layer: 8
  m_Name: mixamorig:RightLeg
  m_TagString: Untagged
  m_Icon: {fileID: 0}
  m_NavMeshLayer: 0
  m_StaticEditorFlags: 0
  m_IsActive: 1
--- !u!1 &183758
GameObject:
  m_ObjectHideFlags: 1
  m_PrefabParentObject: {fileID: 0}
  m_PrefabInternal: {fileID: 100100000}
  serializedVersion: 4
  m_Component:
  - 4: {fileID: 439772}
  - 33: {fileID: 3343396}
  - 65: {fileID: 6558744}
  - 23: {fileID: 2326518}
  m_Layer: 11
  m_Name: head
  m_TagString: Untagged
  m_Icon: {fileID: 0}
  m_NavMeshLayer: 0
  m_StaticEditorFlags: 0
  m_IsActive: 1
--- !u!1 &184984
GameObject:
  m_ObjectHideFlags: 1
  m_PrefabParentObject: {fileID: 0}
  m_PrefabInternal: {fileID: 100100000}
  serializedVersion: 4
  m_Component:
  - 4: {fileID: 425038}
  m_Layer: 8
  m_Name: mixamorig:RightHandThumb4
  m_TagString: Untagged
  m_Icon: {fileID: 0}
  m_NavMeshLayer: 0
  m_StaticEditorFlags: 0
  m_IsActive: 1
--- !u!1 &185174
GameObject:
  m_ObjectHideFlags: 1
  m_PrefabParentObject: {fileID: 0}
  m_PrefabInternal: {fileID: 100100000}
  serializedVersion: 4
  m_Component:
  - 4: {fileID: 467670}
  m_Layer: 8
  m_Name: mixamorig:LeftHandPinky4
  m_TagString: Untagged
  m_Icon: {fileID: 0}
  m_NavMeshLayer: 0
  m_StaticEditorFlags: 0
  m_IsActive: 1
--- !u!1 &188116
GameObject:
  m_ObjectHideFlags: 1
  m_PrefabParentObject: {fileID: 0}
  m_PrefabInternal: {fileID: 100100000}
  serializedVersion: 4
  m_Component:
  - 4: {fileID: 424528}
  m_Layer: 8
  m_Name: mixamorig:LeftShoulder
  m_TagString: Untagged
  m_Icon: {fileID: 0}
  m_NavMeshLayer: 0
  m_StaticEditorFlags: 0
  m_IsActive: 1
--- !u!1 &188570
GameObject:
  m_ObjectHideFlags: 1
  m_PrefabParentObject: {fileID: 0}
  m_PrefabInternal: {fileID: 100100000}
  serializedVersion: 4
  m_Component:
  - 4: {fileID: 472272}
  m_Layer: 8
  m_Name: mixamorig:LeftHandPinky3
  m_TagString: Untagged
  m_Icon: {fileID: 0}
  m_NavMeshLayer: 0
  m_StaticEditorFlags: 0
  m_IsActive: 1
--- !u!1 &188612
GameObject:
  m_ObjectHideFlags: 0
  m_PrefabParentObject: {fileID: 0}
  m_PrefabInternal: {fileID: 100100000}
  serializedVersion: 4
  m_Component:
  - 4: {fileID: 473866}
  - 137: {fileID: 13704774}
  m_Layer: 0
  m_Name: Skin
  m_TagString: Untagged
  m_Icon: {fileID: 0}
  m_NavMeshLayer: 0
  m_StaticEditorFlags: 0
  m_IsActive: 1
--- !u!1 &190676
GameObject:
  m_ObjectHideFlags: 1
  m_PrefabParentObject: {fileID: 0}
  m_PrefabInternal: {fileID: 100100000}
  serializedVersion: 4
  m_Component:
  - 4: {fileID: 417024}
  m_Layer: 8
  m_Name: mixamorig:RightHandRing3
  m_TagString: Untagged
  m_Icon: {fileID: 0}
  m_NavMeshLayer: 0
  m_StaticEditorFlags: 0
  m_IsActive: 1
--- !u!1 &190752
GameObject:
  m_ObjectHideFlags: 1
  m_PrefabParentObject: {fileID: 0}
  m_PrefabInternal: {fileID: 100100000}
  serializedVersion: 4
  m_Component:
  - 4: {fileID: 455282}
  m_Layer: 8
  m_Name: mixamorig:LeftHandRing2
  m_TagString: Untagged
  m_Icon: {fileID: 0}
  m_NavMeshLayer: 0
  m_StaticEditorFlags: 0
  m_IsActive: 1
--- !u!1 &191232
GameObject:
  m_ObjectHideFlags: 1
  m_PrefabParentObject: {fileID: 0}
  m_PrefabInternal: {fileID: 100100000}
  serializedVersion: 4
  m_Component:
  - 4: {fileID: 432378}
  m_Layer: 8
  m_Name: mixamorig:LeftUpLeg
  m_TagString: Untagged
  m_Icon: {fileID: 0}
  m_NavMeshLayer: 0
  m_StaticEditorFlags: 0
  m_IsActive: 1
--- !u!1 &191320
GameObject:
  m_ObjectHideFlags: 1
  m_PrefabParentObject: {fileID: 0}
  m_PrefabInternal: {fileID: 100100000}
  serializedVersion: 4
  m_Component:
  - 4: {fileID: 443778}
  m_Layer: 8
  m_Name: mixamorig:RightHandThumb2
  m_TagString: Untagged
  m_Icon: {fileID: 0}
  m_NavMeshLayer: 0
  m_StaticEditorFlags: 0
  m_IsActive: 1
--- !u!1 &192288
GameObject:
  m_ObjectHideFlags: 1
  m_PrefabParentObject: {fileID: 0}
  m_PrefabInternal: {fileID: 100100000}
  serializedVersion: 4
  m_Component:
  - 4: {fileID: 489842}
  m_Layer: 8
  m_Name: mixamorig:LeftHandThumb1
  m_TagString: Untagged
  m_Icon: {fileID: 0}
  m_NavMeshLayer: 0
  m_StaticEditorFlags: 0
  m_IsActive: 1
--- !u!1 &192486
GameObject:
  m_ObjectHideFlags: 1
  m_PrefabParentObject: {fileID: 0}
  m_PrefabInternal: {fileID: 100100000}
  serializedVersion: 4
  m_Component:
  - 4: {fileID: 495278}
  m_Layer: 8
  m_Name: mixamorig:RightHandMiddle3
  m_TagString: Untagged
  m_Icon: {fileID: 0}
  m_NavMeshLayer: 0
  m_StaticEditorFlags: 0
  m_IsActive: 1
--- !u!1 &194044
GameObject:
  m_ObjectHideFlags: 1
  m_PrefabParentObject: {fileID: 0}
  m_PrefabInternal: {fileID: 100100000}
  serializedVersion: 4
  m_Component:
  - 4: {fileID: 438084}
  m_Layer: 8
  m_Name: mixamorig:HeadTop_End
  m_TagString: Untagged
  m_Icon: {fileID: 0}
  m_NavMeshLayer: 0
  m_StaticEditorFlags: 0
  m_IsActive: 1
--- !u!1 &194574
GameObject:
  m_ObjectHideFlags: 0
  m_PrefabParentObject: {fileID: 0}
  m_PrefabInternal: {fileID: 100100000}
  serializedVersion: 4
  m_Component:
  - 4: {fileID: 415022}
  - 108: {fileID: 10841868}
  m_Layer: 8
  m_Name: Point light
  m_TagString: Untagged
  m_Icon: {fileID: 0}
  m_NavMeshLayer: 0
  m_StaticEditorFlags: 0
  m_IsActive: 0
--- !u!1 &194636
GameObject:
  m_ObjectHideFlags: 1
  m_PrefabParentObject: {fileID: 0}
  m_PrefabInternal: {fileID: 100100000}
  serializedVersion: 4
  m_Component:
  - 4: {fileID: 433088}
  - 33: {fileID: 3300770}
  - 23: {fileID: 2312564}
  - 65: {fileID: 6598976}
  - 114: {fileID: 11476684}
  m_Layer: 9
  m_Name: sword
  m_TagString: Untagged
  m_Icon: {fileID: 0}
  m_NavMeshLayer: 0
  m_StaticEditorFlags: 0
  m_IsActive: 1
--- !u!1 &194672
GameObject:
  m_ObjectHideFlags: 1
  m_PrefabParentObject: {fileID: 0}
  m_PrefabInternal: {fileID: 100100000}
  serializedVersion: 4
  m_Component:
  - 4: {fileID: 498140}
  m_Layer: 8
  m_Name: mixamorig:RightFoot
  m_TagString: Untagged
  m_Icon: {fileID: 0}
  m_NavMeshLayer: 0
  m_StaticEditorFlags: 0
  m_IsActive: 1
--- !u!1 &197122
GameObject:
  m_ObjectHideFlags: 1
  m_PrefabParentObject: {fileID: 0}
  m_PrefabInternal: {fileID: 100100000}
  serializedVersion: 4
  m_Component:
  - 4: {fileID: 458612}
  m_Layer: 8
  m_Name: mixamorig:LeftHandIndex3
  m_TagString: Untagged
  m_Icon: {fileID: 0}
  m_NavMeshLayer: 0
  m_StaticEditorFlags: 0
  m_IsActive: 1
--- !u!1 &198260
GameObject:
  m_ObjectHideFlags: 1
  m_PrefabParentObject: {fileID: 0}
  m_PrefabInternal: {fileID: 100100000}
  serializedVersion: 4
  m_Component:
  - 4: {fileID: 496898}
  - 33: {fileID: 3384666}
  - 65: {fileID: 6539314}
  - 23: {fileID: 2355614}
  - 114: {fileID: 11486038}
  m_Layer: 9
  m_Name: halberdFront
  m_TagString: Untagged
  m_Icon: {fileID: 0}
  m_NavMeshLayer: 0
  m_StaticEditorFlags: 0
  m_IsActive: 1
--- !u!1 &198782
GameObject:
  m_ObjectHideFlags: 1
  m_PrefabParentObject: {fileID: 0}
  m_PrefabInternal: {fileID: 100100000}
  serializedVersion: 4
  m_Component:
  - 4: {fileID: 498448}
  - 33: {fileID: 3399664}
  - 65: {fileID: 6525914}
  - 23: {fileID: 2377190}
  - 114: {fileID: 11499744}
  m_Layer: 9
  m_Name: halberd
  m_TagString: Untagged
  m_Icon: {fileID: 0}
  m_NavMeshLayer: 0
  m_StaticEditorFlags: 0
  m_IsActive: 1
--- !u!4 &400150
Transform:
  m_ObjectHideFlags: 1
  m_PrefabParentObject: {fileID: 0}
  m_PrefabInternal: {fileID: 100100000}
  m_GameObject: {fileID: 141200}
  m_LocalRotation: {x: 0, y: 1, z: 0, w: 0.0000023171306}
  m_LocalPosition: {x: -0, y: 0.95000005, z: 0.74}
  m_LocalScale: {x: 0.75, y: 1.5, z: 0.25}
  m_Children: []
  m_Father: {fileID: 402352}
  m_RootOrder: 5
--- !u!4 &401802
Transform:
  m_ObjectHideFlags: 1
  m_PrefabParentObject: {fileID: 0}
  m_PrefabInternal: {fileID: 100100000}
  m_GameObject: {fileID: 126950}
  m_LocalRotation: {x: 0, y: 0, z: 0, w: 1}
  m_LocalPosition: {x: 0.000008487437, y: 0.023469336, z: 2.8062402e-10}
  m_LocalScale: {x: 1, y: 1, z: 1}
  m_Children: []
  m_Father: {fileID: 417024}
  m_RootOrder: 0
--- !u!4 &402352
Transform:
  m_ObjectHideFlags: 1
  m_PrefabParentObject: {fileID: 0}
  m_PrefabInternal: {fileID: 100100000}
  m_GameObject: {fileID: 102766}
  m_LocalRotation: {x: 0, y: 0.9985216, z: 0, w: -0.054355644}
  m_LocalPosition: {x: 9.24, y: 0, z: 11.03}
  m_LocalScale: {x: 1, y: 1, z: 1}
  m_Children:
  - {fileID: 477068}
  - {fileID: 427216}
  - {fileID: 472210}
  - {fileID: 473866}
  - {fileID: 489548}
  - {fileID: 400150}
  - {fileID: 415022}
  - {fileID: 22491030}
  m_Father: {fileID: 0}
  m_RootOrder: 0
--- !u!4 &404482
Transform:
  m_ObjectHideFlags: 1
  m_PrefabParentObject: {fileID: 0}
  m_PrefabInternal: {fileID: 100100000}
  m_GameObject: {fileID: 106478}
  m_LocalRotation: {x: 0, y: 0, z: 0, w: 1}
  m_LocalPosition: {x: -0.000012547759, y: 0.024690995, z: 1.7533835e-10}
  m_LocalScale: {x: 1, y: 1, z: 1}
  m_Children: []
  m_Father: {fileID: 428626}
  m_RootOrder: 0
--- !u!4 &405434
Transform:
  m_ObjectHideFlags: 1
  m_PrefabParentObject: {fileID: 0}
  m_PrefabInternal: {fileID: 100100000}
  m_GameObject: {fileID: 163654}
  m_LocalRotation: {x: -0.00000027739136, y: 0.000025345922, z: 0.0015345515, w: 0.9999988}
  m_LocalPosition: {x: -0.000039452574, y: 0.030852625, z: -0.0000000012341854}
  m_LocalScale: {x: 1, y: 1, z: 1}
  m_Children:
  - {fileID: 428626}
  m_Father: {fileID: 497746}
  m_RootOrder: 0
--- !u!4 &406690
Transform:
  m_ObjectHideFlags: 1
  m_PrefabParentObject: {fileID: 0}
  m_PrefabInternal: {fileID: 100100000}
  m_GameObject: {fileID: 156566}
  m_LocalRotation: {x: 0.0029914123, y: 0.040014807, z: 0.99900496, w: 0.019467516}
  m_LocalPosition: {x: 0.09711316, y: -0.05142151, z: 0.0036320852}
  m_LocalScale: {x: 1, y: 1, z: 1}
  m_Children:
  - {fileID: 441048}
  m_Father: {fileID: 427216}
  m_RootOrder: 1
--- !u!4 &407760
Transform:
  m_ObjectHideFlags: 1
  m_PrefabParentObject: {fileID: 0}
  m_PrefabInternal: {fileID: 100100000}
  m_GameObject: {fileID: 155492}
  m_LocalRotation: {x: -0.0000001153927, y: 0.0000019669087, z: -0.00033503768, w: 0.99999994}
  m_LocalPosition: {x: 0.000010513812, y: 0.030741898, z: 3.8022532e-10}
  m_LocalScale: {x: 1, y: 1, z: 1}
  m_Children:
  - {fileID: 495278}
  m_Father: {fileID: 448644}
  m_RootOrder: 0
--- !u!4 &408122
Transform:
  m_ObjectHideFlags: 1
  m_PrefabParentObject: {fileID: 0}
  m_PrefabInternal: {fileID: 100100000}
  m_GameObject: {fileID: 102414}
  m_LocalRotation: {x: 0, y: 0, z: 0, w: 1}
  m_LocalPosition: {x: 0.097, y: 0.553, z: 0.054}
  m_LocalScale: {x: 0.13477084, y: 0.67910427, z: 0.15349613}
  m_Children: []
  m_Father: {fileID: 428596}
  m_RootOrder: 1
--- !u!4 &408502
Transform:
  m_ObjectHideFlags: 1
  m_PrefabParentObject: {fileID: 0}
  m_PrefabInternal: {fileID: 100100000}
  m_GameObject: {fileID: 181364}
  m_LocalRotation: {x: -0.011969755, y: -0.011939411, z: 0.03582742, w: 0.999215}
  m_LocalPosition: {x: 0.03442286, y: 0.12454215, z: -0.0004997987}
  m_LocalScale: {x: 1, y: 1, z: 1}
  m_Children:
  - {fileID: 436592}
  m_Father: {fileID: 444098}
  m_RootOrder: 2
--- !u!4 &409436
Transform:
  m_ObjectHideFlags: 1
  m_PrefabParentObject: {fileID: 0}
  m_PrefabInternal: {fileID: 100100000}
  m_GameObject: {fileID: 136620}
  m_LocalRotation: {x: 0, y: 0, z: 0, w: 1}
  m_LocalPosition: {x: 0.0000072014714, y: 0.022679364, z: -8.1746376e-10}
  m_LocalScale: {x: 1, y: 1, z: 1}
  m_Children: []
  m_Father: {fileID: 497314}
  m_RootOrder: 0
--- !u!4 &410730
Transform:
  m_ObjectHideFlags: 1
  m_PrefabParentObject: {fileID: 0}
  m_PrefabInternal: {fileID: 100100000}
  m_GameObject: {fileID: 180400}
  m_LocalRotation: {x: 0, y: 0, z: 0, w: 1}
  m_LocalPosition: {x: -0.000058159236, y: 0.02429045, z: 3.795003e-10}
  m_LocalScale: {x: 1, y: 1, z: 1}
  m_Children: []
  m_Father: {fileID: 431658}
  m_RootOrder: 0
--- !u!4 &411940
Transform:
  m_ObjectHideFlags: 1
  m_PrefabParentObject: {fileID: 0}
  m_PrefabInternal: {fileID: 100100000}
  m_GameObject: {fileID: 145506}
  m_LocalRotation: {x: 0.7071068, y: 0, z: 0, w: 0.7071067}
  m_LocalPosition: {x: 0.337, y: 1.5635, z: 0.352}
  m_LocalScale: {x: 1, y: 1, z: 1}
  m_Children: []
  m_Father: {fileID: 489548}
  m_RootOrder: 3
--- !u!4 &412932
Transform:
  m_ObjectHideFlags: 1
  m_PrefabParentObject: {fileID: 0}
  m_PrefabInternal: {fileID: 100100000}
  m_GameObject: {fileID: 114594}
  m_LocalRotation: {x: 0, y: 0, z: 0, w: 1}
  m_LocalPosition: {x: -0, y: 0.12519106, z: 5.2385048e-11}
  m_LocalScale: {x: 1, y: 1, z: 1}
  m_Children:
  - {fileID: 424528}
  - {fileID: 479744}
  - {fileID: 432354}
  m_Father: {fileID: 487308}
  m_RootOrder: 0
--- !u!4 &413284
Transform:
  m_ObjectHideFlags: 1
  m_PrefabParentObject: {fileID: 0}
  m_PrefabInternal: {fileID: 100100000}
  m_GameObject: {fileID: 110568}
  m_LocalRotation: {x: -0.0837574, y: -0.00001461574, z: 0.00012985346, w: 0.9964862}
  m_LocalPosition: {x: -0, y: 0.09257583, z: -0.015673714}
  m_LocalScale: {x: 1, y: 1, z: 1}
  m_Children:
  - {fileID: 487308}
  m_Father: {fileID: 427216}
  m_RootOrder: 2
--- !u!4 &415022
Transform:
  m_ObjectHideFlags: 1
  m_PrefabParentObject: {fileID: 0}
  m_PrefabInternal: {fileID: 100100000}
  m_GameObject: {fileID: 194574}
  m_LocalRotation: {x: 0, y: 0, z: 0, w: 1}
  m_LocalPosition: {x: -0.06, y: 1.19, z: 0.13}
  m_LocalScale: {x: 1, y: 1, z: 1}
  m_Children: []
  m_Father: {fileID: 402352}
  m_RootOrder: 6
--- !u!4 &415182
Transform:
  m_ObjectHideFlags: 1
  m_PrefabParentObject: {fileID: 0}
  m_PrefabInternal: {fileID: 100100000}
  m_GameObject: {fileID: 146638}
  m_LocalRotation: {x: -0.012202478, y: -0.0071106977, z: 0.038316377, w: 0.99916583}
  m_LocalPosition: {x: 0.014769325, y: 0.13699053, z: -0.0017804509}
  m_LocalScale: {x: 1, y: 1, z: 1}
  m_Children:
  - {fileID: 428716}
  m_Father: {fileID: 444098}
  m_RootOrder: 3
--- !u!4 &417024
Transform:
  m_ObjectHideFlags: 1
  m_PrefabParentObject: {fileID: 0}
  m_PrefabInternal: {fileID: 100100000}
  m_GameObject: {fileID: 190676}
  m_LocalRotation: {x: -0.00000030156426, y: -0.00009433168, z: -0.0017083623, w: 0.99999857}
  m_LocalPosition: {x: 0.000097948425, y: 0.026079658, z: 4.881846e-10}
  m_LocalScale: {x: 1, y: 1, z: 1}
  m_Children:
  - {fileID: 401802}
  m_Father: {fileID: 428716}
  m_RootOrder: 0
--- !u!4 &420166
Transform:
  m_ObjectHideFlags: 1
  m_PrefabParentObject: {fileID: 0}
  m_PrefabInternal: {fileID: 100100000}
  m_GameObject: {fileID: 136704}
  m_LocalRotation: {x: 0.27960747, y: -0.101138584, z: 0.029632961, w: 0.9543126}
  m_LocalPosition: {x: 2.8506e-10, y: 0.16299604, z: -0.000000009967422}
  m_LocalScale: {x: 1, y: 1, z: 1}
  m_Children:
  - {fileID: 498028}
  m_Father: {fileID: 498140}
  m_RootOrder: 0
--- !u!4 &421378
Transform:
  m_ObjectHideFlags: 1
  m_PrefabParentObject: {fileID: 0}
  m_PrefabInternal: {fileID: 100100000}
  m_GameObject: {fileID: 160840}
  m_LocalRotation: {x: 0, y: 0, z: 0, w: 1}
  m_LocalPosition: {x: 0.00012542903, y: 0.023090333, z: 5.0278006e-13}
  m_LocalScale: {x: 1, y: 1, z: 1}
  m_Children: []
  m_Father: {fileID: 458612}
  m_RootOrder: 0
--- !u!4 &422236
Transform:
  m_ObjectHideFlags: 1
  m_PrefabParentObject: {fileID: 0}
  m_PrefabInternal: {fileID: 100100000}
  m_GameObject: {fileID: 172914}
  m_LocalRotation: {x: 0, y: 0, z: 0, w: 1}
  m_LocalPosition: {x: -3.3707326e-10, y: 0.06936745, z: 1.1277372e-11}
  m_LocalScale: {x: 1, y: 1, z: 1}
  m_Children: []
  m_Father: {fileID: 476416}
  m_RootOrder: 0
--- !u!4 &423430
Transform:
  m_ObjectHideFlags: 1
  m_PrefabParentObject: {fileID: 0}
  m_PrefabInternal: {fileID: 100100000}
  m_GameObject: {fileID: 180876}
  m_LocalRotation: {x: 0.0070710224, y: -0.18705527, z: 0.043004688, w: 0.9813822}
  m_LocalPosition: {x: -0.0000000013497622, y: 0.21860376, z: -5.997691e-10}
  m_LocalScale: {x: 1, y: 1, z: 1}
  m_Children:
  - {fileID: 468248}
  - {fileID: 497746}
  - {fileID: 427866}
  - {fileID: 448014}
  - {fileID: 489842}
  m_Father: {fileID: 457120}
  m_RootOrder: 0
--- !u!4 &423706
Transform:
  m_ObjectHideFlags: 1
  m_PrefabParentObject: {fileID: 0}
  m_PrefabInternal: {fileID: 100100000}
  m_GameObject: {fileID: 104632}
  m_LocalRotation: {x: 0.0000025999939, y: 0.00052392867, z: -0.00798465, w: 0.999968}
  m_LocalPosition: {x: 0.00033709346, y: 0.027501766, z: 1.0608971e-11}
  m_LocalScale: {x: 1, y: 1, z: 1}
  m_Children:
  - {fileID: 472272}
  m_Father: {fileID: 427866}
  m_RootOrder: 0
--- !u!4 &424528
Transform:
  m_ObjectHideFlags: 1
  m_PrefabParentObject: {fileID: 0}
  m_PrefabInternal: {fileID: 100100000}
  m_GameObject: {fileID: 188116}
  m_LocalRotation: {x: 0.54657364, y: -0.44242358, z: 0.56902784, w: 0.4262933}
  m_LocalPosition: {x: -0.070461445, y: 0.12172706, z: -0.0029386352}
  m_LocalScale: {x: 1, y: 1, z: 1}
  m_Children:
  - {fileID: 443336}
  m_Father: {fileID: 412932}
  m_RootOrder: 0
--- !u!4 &424790
Transform:
  m_ObjectHideFlags: 1
  m_PrefabParentObject: {fileID: 0}
  m_PrefabInternal: {fileID: 100100000}
  m_GameObject: {fileID: 165594}
  m_LocalRotation: {x: 0, y: 0, z: 0, w: 1}
  m_LocalPosition: {x: -0, y: 0.07893676, z: 0.032804757}
  m_LocalScale: {x: 1, y: 1, z: 1}
  m_Children:
  - {fileID: 438084}
  m_Father: {fileID: 479744}
  m_RootOrder: 0
--- !u!4 &425038
Transform:
  m_ObjectHideFlags: 1
  m_PrefabParentObject: {fileID: 0}
  m_PrefabInternal: {fileID: 100100000}
  m_GameObject: {fileID: 184984}
  m_LocalRotation: {x: 0, y: 0, z: 0, w: 1}
  m_LocalPosition: {x: 0.000413381, y: 0.034611795, z: -5.608939e-11}
  m_LocalScale: {x: 1, y: 1, z: 1}
  m_Children: []
  m_Father: {fileID: 444388}
  m_RootOrder: 0
--- !u!4 &427216
Transform:
  m_ObjectHideFlags: 1
  m_PrefabParentObject: {fileID: 0}
  m_PrefabInternal: {fileID: 100100000}
  m_GameObject: {fileID: 118564}
  m_LocalRotation: {x: 0, y: 0, z: 0, w: 1}
  m_LocalPosition: {x: -0.0017988586, y: 0.9904619, z: 0.020433204}
  m_LocalScale: {x: 1, y: 1, z: 1}
  m_Children:
  - {fileID: 432378}
  - {fileID: 406690}
  - {fileID: 413284}
  - {fileID: 428596}
  m_Father: {fileID: 402352}
  m_RootOrder: 1
--- !u!4 &427866
Transform:
  m_ObjectHideFlags: 1
  m_PrefabParentObject: {fileID: 0}
  m_PrefabInternal: {fileID: 100100000}
  m_GameObject: {fileID: 175112}
  m_LocalRotation: {x: -0.014580049, y: 0.008938343, z: -0.034929957, w: 0.99924344}
  m_LocalPosition: {x: -0.034445483, y: 0.121555716, z: 0.00032517698}
  m_LocalScale: {x: 1, y: 1, z: 1}
  m_Children:
  - {fileID: 423706}
  m_Father: {fileID: 423430}
  m_RootOrder: 2
--- !u!4 &428596
Transform:
  m_ObjectHideFlags: 1
  m_PrefabParentObject: {fileID: 0}
  m_PrefabInternal: {fileID: 100100000}
  m_GameObject: {fileID: 169560}
  m_LocalRotation: {x: 0, y: 0, z: 0, w: 1}
  m_LocalPosition: {x: 2.5008304, y: -0.79046184, z: 0.0023284983}
  m_LocalScale: {x: 1, y: 1, z: 1}
  m_Children:
  - {fileID: 497900}
  - {fileID: 408122}
  - {fileID: 446358}
  m_Father: {fileID: 427216}
  m_RootOrder: 3
--- !u!4 &428626
Transform:
  m_ObjectHideFlags: 1
  m_PrefabParentObject: {fileID: 0}
  m_PrefabInternal: {fileID: 100100000}
  m_GameObject: {fileID: 160290}
  m_LocalRotation: {x: -0.000000179954, y: -0.00004563977, z: -0.0011657776, w: 0.99999934}
  m_LocalPosition: {x: 0.00005199769, y: 0.028807804, z: 4.3549306e-10}
  m_LocalScale: {x: 1, y: 1, z: 1}
  m_Children:
  - {fileID: 404482}
  m_Father: {fileID: 405434}
  m_RootOrder: 0
--- !u!4 &428716
Transform:
  m_ObjectHideFlags: 1
  m_PrefabParentObject: {fileID: 0}
  m_PrefabInternal: {fileID: 100100000}
  m_GameObject: {fileID: 176464}
  m_LocalRotation: {x: -0.00000024501475, y: 0.000003115932, z: 0.0037276298, w: 0.9999931}
  m_LocalPosition: {x: -0.000106435386, y: 0.028667154, z: -2.7717134e-11}
  m_LocalScale: {x: 1, y: 1, z: 1}
  m_Children:
  - {fileID: 417024}
  m_Father: {fileID: 415182}
  m_RootOrder: 0
--- !u!4 &431658
Transform:
  m_ObjectHideFlags: 1
  m_PrefabParentObject: {fileID: 0}
  m_PrefabInternal: {fileID: 100100000}
  m_GameObject: {fileID: 110566}
  m_LocalRotation: {x: 0.008614703, y: -2.5674685e-10, z: -0.00000002980116, w: 0.9999629}
  m_LocalPosition: {x: -0.000051604038, y: 0.02699469, z: -0.0000000017944362}
  m_LocalScale: {x: 1, y: 1, z: 1}
  m_Children:
  - {fileID: 410730}
  m_Father: {fileID: 455282}
  m_RootOrder: 0
--- !u!4 &432056
Transform:
  m_ObjectHideFlags: 1
  m_PrefabParentObject: {fileID: 0}
  m_PrefabInternal: {fileID: 100100000}
  m_GameObject: {fileID: 136332}
  m_LocalRotation: {x: -0.00000003308248, y: -0.10858053, z: -0.0000003063567, w: 0.9940877}
  m_LocalPosition: {x: 4.4344559e-10, y: 0.23950136, z: 1.5672384e-10}
  m_LocalScale: {x: 1, y: 1, z: 1}
  m_Children:
  - {fileID: 444098}
  m_Father: {fileID: 433448}
  m_RootOrder: 0
--- !u!4 &432354
Transform:
  m_ObjectHideFlags: 1
  m_PrefabParentObject: {fileID: 0}
  m_PrefabInternal: {fileID: 100100000}
  m_GameObject: {fileID: 159864}
  m_LocalRotation: {x: -0.54397875, y: -0.4444893, z: 0.5709336, w: -0.42491314}
  m_LocalPosition: {x: 0.070461445, y: 0.12182492, z: -0.0035166566}
  m_LocalScale: {x: 1, y: 1, z: 1}
  m_Children:
  - {fileID: 433448}
  - {fileID: 432420}
  m_Father: {fileID: 412932}
  m_RootOrder: 2
--- !u!4 &432378
Transform:
  m_ObjectHideFlags: 1
  m_PrefabParentObject: {fileID: 0}
  m_PrefabInternal: {fileID: 100100000}
  m_GameObject: {fileID: 191232}
  m_LocalRotation: {x: -0.0026748218, y: 0.034459174, z: 0.9992109, w: -0.019571252}
  m_LocalPosition: {x: -0.09711316, y: -0.05142151, z: 0.0074320766}
  m_LocalScale: {x: 1, y: 1, z: 1}
  m_Children:
  - {fileID: 437848}
  m_Father: {fileID: 427216}
  m_RootOrder: 0
--- !u!4 &432420
Transform:
  m_ObjectHideFlags: 1
  m_PrefabParentObject: {fileID: 0}
  m_PrefabInternal: {fileID: 100100000}
  m_GameObject: {fileID: 136678}
  m_LocalRotation: {x: 0.07592907, y: 0.63785994, z: -0.0936266, w: -0.76066}
  m_LocalPosition: {x: -0.013645187, y: -0.05160649, z: 0.07345775}
  m_LocalScale: {x: 0.20611447, y: 0.78275925, z: 0.21068719}
  m_Children: []
  m_Father: {fileID: 432354}
  m_RootOrder: 1
--- !u!4 &433088
Transform:
  m_ObjectHideFlags: 1
  m_PrefabParentObject: {fileID: 0}
  m_PrefabInternal: {fileID: 100100000}
  m_GameObject: {fileID: 194636}
  m_LocalRotation: {x: -0.7071068, y: 0, z: 0, w: 0.7071067}
  m_LocalPosition: {x: 1.8200009, y: 1.5659211, z: 1.477459}
  m_LocalScale: {x: 1, y: 1, z: 1}
  m_Children: []
  m_Father: {fileID: 489548}
  m_RootOrder: 1
--- !u!4 &433448
Transform:
  m_ObjectHideFlags: 1
  m_PrefabParentObject: {fileID: 0}
  m_PrefabInternal: {fileID: 100100000}
  m_GameObject: {fileID: 141436}
  m_LocalRotation: {x: -0.12290589, y: 0.010242915, z: 0.022454198, w: 0.99211144}
  m_LocalPosition: {x: 1.575099e-11, y: 0.14899153, z: 6.433197e-11}
  m_LocalScale: {x: 1, y: 1, z: 1}
  m_Children:
  - {fileID: 432056}
  m_Father: {fileID: 432354}
  m_RootOrder: 0
--- !u!4 &436592
Transform:
  m_ObjectHideFlags: 1
  m_PrefabParentObject: {fileID: 0}
  m_PrefabInternal: {fileID: 100100000}
  m_GameObject: {fileID: 165358}
  m_LocalRotation: {x: -0.00000014554766, y: 0.000041300806, z: 0.00915228, w: 0.99995816}
  m_LocalPosition: {x: -0.00023894635, y: 0.02717306, z: -6.590275e-10}
  m_LocalScale: {x: 1, y: 1, z: 1}
  m_Children:
  - {fileID: 466604}
  m_Father: {fileID: 408502}
  m_RootOrder: 0
--- !u!4 &437848
Transform:
  m_ObjectHideFlags: 1
  m_PrefabParentObject: {fileID: 0}
  m_PrefabInternal: {fileID: 100100000}
  m_GameObject: {fileID: 173790}
  m_LocalRotation: {x: -0.0991238, y: 0.0058235265, z: -0.03912788, w: 0.9942885}
  m_LocalPosition: {x: 1.664209e-10, y: 0.4224292, z: 5.951988e-10}
  m_LocalScale: {x: 1, y: 1, z: 1}
  m_Children:
  - {fileID: 471860}
  m_Father: {fileID: 432378}
  m_RootOrder: 0
--- !u!4 &438084
Transform:
  m_ObjectHideFlags: 1
  m_PrefabParentObject: {fileID: 0}
  m_PrefabInternal: {fileID: 100100000}
  m_GameObject: {fileID: 194044}
  m_LocalRotation: {x: 0, y: 0, z: 0, w: 1}
  m_LocalPosition: {x: -0, y: 0.21240707, z: 0.088272676}
  m_LocalScale: {x: 1, y: 1, z: 1}
  m_Children:
  - {fileID: 439772}
  m_Father: {fileID: 424790}
  m_RootOrder: 0
--- !u!4 &439558
Transform:
  m_ObjectHideFlags: 1
  m_PrefabParentObject: {fileID: 0}
  m_PrefabInternal: {fileID: 100100000}
  m_GameObject: {fileID: 166986}
  m_LocalRotation: {x: 0, y: 0, z: 0, w: 1}
  m_LocalPosition: {x: -0.0000013165202, y: 0.024660671, z: 0.000000001231156}
  m_LocalScale: {x: 1, y: 1, z: 1}
  m_Children: []
  m_Father: {fileID: 495278}
  m_RootOrder: 0
--- !u!4 &439772
Transform:
  m_ObjectHideFlags: 1
  m_PrefabParentObject: {fileID: 0}
  m_PrefabInternal: {fileID: 100100000}
  m_GameObject: {fileID: 183758}
  m_LocalRotation: {x: -0.0000043983637, y: 0.00000079603643, z: -0.71023154, w: 0.7039681}
  m_LocalPosition: {x: 0.0007204168, y: -0.13232413, z: -0.062472343}
  m_LocalScale: {x: 0.34844974, y: 0.16860576, z: 0.16323978}
  m_Children: []
  m_Father: {fileID: 438084}
  m_RootOrder: 0
--- !u!4 &441048
Transform:
  m_ObjectHideFlags: 1
  m_PrefabParentObject: {fileID: 0}
  m_PrefabInternal: {fileID: 100100000}
  m_GameObject: {fileID: 182750}
  m_LocalRotation: {x: -0.10553441, y: -0.0065201786, z: 0.03927968, w: 0.9936182}
  m_LocalPosition: {x: 1.6263194e-10, y: 0.42235836, z: 9.0583305e-11}
  m_LocalScale: {x: 1, y: 1, z: 1}
  m_Children:
  - {fileID: 498140}
  m_Father: {fileID: 406690}
  m_RootOrder: 0
--- !u!4 &443238
Transform:
  m_ObjectHideFlags: 1
  m_PrefabParentObject: {fileID: 0}
  m_PrefabInternal: {fileID: 100100000}
  m_GameObject: {fileID: 123586}
  m_LocalRotation: {x: 0, y: 0, z: 0, w: 1}
  m_LocalPosition: {x: 0.000032823456, y: 0.01848861, z: -7.428071e-11}
  m_LocalScale: {x: 1, y: 1, z: 1}
  m_Children: []
  m_Father: {fileID: 466604}
  m_RootOrder: 0
--- !u!4 &443336
Transform:
  m_ObjectHideFlags: 1
  m_PrefabParentObject: {fileID: 0}
  m_PrefabInternal: {fileID: 100100000}
  m_GameObject: {fileID: 138200}
  m_LocalRotation: {x: -0.12359983, y: -0.011517448, z: -0.01825233, w: 0.99209744}
  m_LocalPosition: {x: 1.13233155e-11, y: 0.14899153, z: 6.908891e-11}
  m_LocalScale: {x: 1, y: 1, z: 1}
  m_Children:
  - {fileID: 457120}
  m_Father: {fileID: 424528}
  m_RootOrder: 0
--- !u!4 &443778
Transform:
  m_ObjectHideFlags: 1
  m_PrefabParentObject: {fileID: 0}
  m_PrefabInternal: {fileID: 100100000}
  m_GameObject: {fileID: 191320}
  m_LocalRotation: {x: 0.000018782082, y: -0.0018022083, z: -0.079305604, w: 0.9968487}
  m_LocalPosition: {x: 0.0028876888, y: 0.041734528, z: 9.0204566e-10}
  m_LocalScale: {x: 1, y: 1, z: 1}
  m_Children:
  - {fileID: 444388}
  m_Father: {fileID: 482582}
  m_RootOrder: 0
--- !u!4 &444098
Transform:
  m_ObjectHideFlags: 1
  m_PrefabParentObject: {fileID: 0}
  m_PrefabInternal: {fileID: 100100000}
  m_GameObject: {fileID: 139946}
  m_LocalRotation: {x: 0.0045322105, y: 0.1927872, z: -0.041734718, w: 0.9803422}
  m_LocalPosition: {x: 0.0000000016314499, y: 0.21844462, z: -6.3407896e-10}
  m_LocalScale: {x: 1, y: 1, z: 1}
  m_Children:
  - {fileID: 456900}
  - {fileID: 448644}
  - {fileID: 408502}
  - {fileID: 415182}
  - {fileID: 482582}
  m_Father: {fileID: 432056}
  m_RootOrder: 0
--- !u!4 &444388
Transform:
  m_ObjectHideFlags: 1
  m_PrefabParentObject: {fileID: 0}
  m_PrefabInternal: {fileID: 100100000}
  m_GameObject: {fileID: 138146}
  m_LocalRotation: {x: -0.00007623788, y: 0.0019583656, z: 0.05078866, w: 0.99870753}
  m_LocalPosition: {x: -0.00330107, y: 0.03670595, z: -8.980007e-10}
  m_LocalScale: {x: 1, y: 1, z: 1}
  m_Children:
  - {fileID: 425038}
  m_Father: {fileID: 443778}
  m_RootOrder: 0
--- !u!4 &446250
Transform:
  m_ObjectHideFlags: 1
  m_PrefabParentObject: {fileID: 0}
  m_PrefabInternal: {fileID: 100100000}
  m_GameObject: {fileID: 164100}
  m_LocalRotation: {x: 0.000021244743, y: 0.0017118363, z: 0.028475316, w: 0.999593}
  m_LocalPosition: {x: -0.00068249047, y: 0.042584933, z: -8.2150875e-10}
  m_LocalScale: {x: 1, y: 1, z: 1}
  m_Children:
  - {fileID: 497844}
  m_Father: {fileID: 489842}
  m_RootOrder: 0
--- !u!4 &446358
Transform:
  m_ObjectHideFlags: 1
  m_PrefabParentObject: {fileID: 0}
  m_PrefabInternal: {fileID: 100100000}
  m_GameObject: {fileID: 171216}
  m_LocalRotation: {x: 0.0000000074505797, y: 0, z: 0.0000000018917488, w: 1}
  m_LocalPosition: {x: -0.09599998, y: 0.5529999, z: 0.05400001}
  m_LocalScale: {x: 0.13477084, y: 0.67910427, z: 0.15349613}
  m_Children: []
  m_Father: {fileID: 428596}
  m_RootOrder: 2
--- !u!4 &448014
Transform:
  m_ObjectHideFlags: 1
  m_PrefabParentObject: {fileID: 0}
  m_PrefabInternal: {fileID: 100100000}
  m_GameObject: {fileID: 162772}
  m_LocalRotation: {x: -0.01474194, y: 0.006003171, z: -0.0391634, w: 0.99910605}
  m_LocalPosition: {x: -0.014771249, y: 0.13227077, z: -0.0018689608}
  m_LocalScale: {x: 1, y: 1, z: 1}
  m_Children:
  - {fileID: 455282}
  m_Father: {fileID: 423430}
  m_RootOrder: 3
--- !u!4 &448644
Transform:
  m_ObjectHideFlags: 1
  m_PrefabParentObject: {fileID: 0}
  m_PrefabInternal: {fileID: 100100000}
  m_GameObject: {fileID: 117812}
  m_LocalRotation: {x: -0.0122754285, y: -0.0056142425, z: 0.04032417, w: 0.9990955}
  m_LocalPosition: {x: -0.011464934, y: 0.14266346, z: -0.003576101}
  m_LocalScale: {x: 1, y: 1, z: 1}
  m_Children:
  - {fileID: 407760}
  m_Father: {fileID: 444098}
  m_RootOrder: 1
--- !u!4 &455282
Transform:
  m_ObjectHideFlags: 1
  m_PrefabParentObject: {fileID: 0}
  m_PrefabInternal: {fileID: 100100000}
  m_GameObject: {fileID: 190752}
  m_LocalRotation: {x: 0.00000006742393, y: 0.000088914625, z: -0.0028103003, w: 0.99999607}
  m_LocalPosition: {x: 0.00010976167, y: 0.02977519, z: 4.0019899e-10}
  m_LocalScale: {x: 1, y: 1, z: 1}
  m_Children:
  - {fileID: 431658}
  m_Father: {fileID: 448014}
  m_RootOrder: 0
--- !u!4 &455950
Transform:
  m_ObjectHideFlags: 1
  m_PrefabParentObject: {fileID: 0}
  m_PrefabInternal: {fileID: 100100000}
  m_GameObject: {fileID: 156252}
  m_LocalRotation: {x: 0.00000023427842, y: -0.00013048016, z: 0.0021605543, w: 0.9999977}
  m_LocalPosition: {x: -0.00012414507, y: 0.028448584, z: 8.8141205e-10}
  m_LocalScale: {x: 1, y: 1, z: 1}
  m_Children:
  - {fileID: 458612}
  m_Father: {fileID: 468248}
  m_RootOrder: 0
--- !u!4 &456900
Transform:
  m_ObjectHideFlags: 1
  m_PrefabParentObject: {fileID: 0}
  m_PrefabInternal: {fileID: 100100000}
  m_GameObject: {fileID: 159894}
  m_LocalRotation: {x: -0.01249212, y: -0.00019683676, z: 0.04097612, w: 0.999082}
  m_LocalPosition: {x: -0.03772725, y: 0.1386499, z: -0.001602273}
  m_LocalScale: {x: 1, y: 1, z: 1}
  m_Children:
  - {fileID: 489354}
  m_Father: {fileID: 444098}
  m_RootOrder: 0
--- !u!4 &457120
Transform:
  m_ObjectHideFlags: 1
  m_PrefabParentObject: {fileID: 0}
  m_PrefabInternal: {fileID: 100100000}
  m_GameObject: {fileID: 157282}
  m_LocalRotation: {x: 0.00000019630177, y: 0.10682514, z: 0.000000075812075, w: 0.99427783}
  m_LocalPosition: {x: 3.3846417e-10, y: 0.23971152, z: -0.0000000014589414}
  m_LocalScale: {x: 1, y: 1, z: 1}
  m_Children:
  - {fileID: 423430}
  m_Father: {fileID: 443336}
  m_RootOrder: 0
--- !u!4 &458612
Transform:
  m_ObjectHideFlags: 1
  m_PrefabParentObject: {fileID: 0}
  m_PrefabInternal: {fileID: 100100000}
  m_GameObject: {fileID: 197122}
  m_LocalRotation: {x: 0.00000026379607, y: 0.00016350835, z: 0.0027255514, w: 0.9999963}
  m_LocalPosition: {x: -0.0000012850735, y: 0.026539005, z: 7.2744627e-10}
  m_LocalScale: {x: 1, y: 1, z: 1}
  m_Children:
  - {fileID: 421378}
  m_Father: {fileID: 455950}
  m_RootOrder: 0
--- !u!4 &466604
Transform:
  m_ObjectHideFlags: 1
  m_PrefabParentObject: {fileID: 0}
  m_PrefabInternal: {fileID: 100100000}
  m_GameObject: {fileID: 139930}
  m_LocalRotation: {x: -0.0000013510964, y: -0.00027515533, z: -0.0038623528, w: 0.9999925}
  m_LocalPosition: {x: 0.00020612104, y: 0.02166195, z: -3.9476133e-10}
  m_LocalScale: {x: 1, y: 1, z: 1}
  m_Children:
  - {fileID: 443238}
  m_Father: {fileID: 436592}
  m_RootOrder: 0
--- !u!4 &467670
Transform:
  m_ObjectHideFlags: 1
  m_PrefabParentObject: {fileID: 0}
  m_PrefabInternal: {fileID: 100100000}
  m_GameObject: {fileID: 185174}
  m_LocalRotation: {x: 0, y: 0, z: 0, w: 1}
  m_LocalPosition: {x: -0.00025855796, y: 0.018910494, z: 2.4790608e-10}
  m_LocalScale: {x: 1, y: 1, z: 1}
  m_Children: []
  m_Father: {fileID: 472272}
  m_RootOrder: 0
--- !u!4 &468248
Transform:
  m_ObjectHideFlags: 1
  m_PrefabParentObject: {fileID: 0}
  m_PrefabInternal: {fileID: 100100000}
  m_GameObject: {fileID: 102328}
  m_LocalRotation: {x: -0.014954403, y: 0.0010852173, z: -0.04311414, w: 0.99895763}
  m_LocalPosition: {x: 0.03791613, y: 0.13694242, z: -0.0003713946}
  m_LocalScale: {x: 1, y: 1, z: 1}
  m_Children:
  - {fileID: 455950}
  m_Father: {fileID: 423430}
  m_RootOrder: 0
--- !u!4 &471860
Transform:
  m_ObjectHideFlags: 1
  m_PrefabParentObject: {fileID: 0}
  m_PrefabInternal: {fileID: 100100000}
  m_GameObject: {fileID: 173584}
  m_LocalRotation: {x: 0.5219021, y: -0.010379452, z: -0.059520535, w: 0.850863}
  m_LocalPosition: {x: 0.000000005952795, y: 0.43959716, z: -0.0000000028254836}
  m_LocalScale: {x: 1, y: 1, z: 1}
  m_Children:
  - {fileID: 476416}
  m_Father: {fileID: 437848}
  m_RootOrder: 0
--- !u!4 &472210
Transform:
  m_ObjectHideFlags: 1
  m_PrefabParentObject: {fileID: 0}
  m_PrefabInternal: {fileID: 100100000}
  m_GameObject: {fileID: 134026}
  m_LocalRotation: {x: 0, y: 0, z: 0, w: 1}
  m_LocalPosition: {x: 0, y: 0, z: 0}
  m_LocalScale: {x: 1, y: 1, z: 1}
  m_Children: []
  m_Father: {fileID: 402352}
  m_RootOrder: 2
--- !u!4 &472272
Transform:
  m_ObjectHideFlags: 1
  m_PrefabParentObject: {fileID: 0}
  m_PrefabInternal: {fileID: 100100000}
  m_GameObject: {fileID: 188570}
  m_LocalRotation: {x: 0.000005976899, y: -0.000659375, z: -0.0049895733, w: 0.99998736}
  m_LocalPosition: {x: -0.00007853512, y: 0.021257097, z: 6.497322e-10}
  m_LocalScale: {x: 1, y: 1, z: 1}
  m_Children:
  - {fileID: 467670}
  m_Father: {fileID: 423706}
  m_RootOrder: 0
--- !u!4 &473866
Transform:
  m_ObjectHideFlags: 1
  m_PrefabParentObject: {fileID: 0}
  m_PrefabInternal: {fileID: 100100000}
  m_GameObject: {fileID: 188612}
  m_LocalRotation: {x: 0, y: 0, z: 0, w: 1}
  m_LocalPosition: {x: 0, y: 0, z: 0}
  m_LocalScale: {x: 1, y: 1, z: 1}
  m_Children: []
  m_Father: {fileID: 402352}
  m_RootOrder: 3
--- !u!4 &476416
Transform:
  m_ObjectHideFlags: 1
  m_PrefabParentObject: {fileID: 0}
  m_PrefabInternal: {fileID: 100100000}
  m_GameObject: {fileID: 153332}
  m_LocalRotation: {x: 0.28614086, y: 0.09855452, z: -0.029602261, w: 0.95264584}
  m_LocalPosition: {x: -0.0000000014074418, y: 0.15964995, z: -0.000000002015431}
  m_LocalScale: {x: 1, y: 1, z: 1}
  m_Children:
  - {fileID: 422236}
  m_Father: {fileID: 471860}
  m_RootOrder: 0
--- !u!4 &477068
Transform:
  m_ObjectHideFlags: 1
  m_PrefabParentObject: {fileID: 0}
  m_PrefabInternal: {fileID: 100100000}
  m_GameObject: {fileID: 129888}
  m_LocalRotation: {x: 0, y: 0, z: 0, w: 1}
  m_LocalPosition: {x: 0, y: 0, z: 0}
  m_LocalScale: {x: 1, y: 1, z: 1}
  m_Children: []
  m_Father: {fileID: 402352}
  m_RootOrder: 0
--- !u!4 &477120
Transform:
  m_ObjectHideFlags: 1
  m_PrefabParentObject: {fileID: 0}
  m_PrefabInternal: {fileID: 100100000}
  m_GameObject: {fileID: 134070}
  m_LocalRotation: {x: 0, y: 0, z: 0, w: 1}
  m_LocalPosition: {x: -0.0008047607, y: 0.030633552, z: -3.2575827e-11}
  m_LocalScale: {x: 1, y: 1, z: 1}
  m_Children: []
  m_Father: {fileID: 497844}
  m_RootOrder: 0
--- !u!4 &479744
Transform:
  m_ObjectHideFlags: 1
  m_PrefabParentObject: {fileID: 0}
  m_PrefabInternal: {fileID: 100100000}
  m_GameObject: {fileID: 159484}
  m_LocalRotation: {x: 0.08375994, y: 1.4904481e-19, z: -6.950836e-18, w: 0.996486}
  m_LocalPosition: {x: -0, y: 0.14083971, z: -0.000000025513398}
  m_LocalScale: {x: 1, y: 1, z: 1}
  m_Children:
  - {fileID: 424790}
  m_Father: {fileID: 412932}
  m_RootOrder: 1
--- !u!4 &482582
Transform:
  m_ObjectHideFlags: 1
  m_PrefabParentObject: {fileID: 0}
  m_PrefabInternal: {fileID: 100100000}
  m_GameObject: {fileID: 166470}
  m_LocalRotation: {x: 0.20792894, y: 0.05658627, z: 0.32253182, w: 0.9217032}
  m_LocalPosition: {x: -0.027405182, y: 0.043599296, z: 0.009088614}
  m_LocalScale: {x: 1, y: 1, z: 1}
  m_Children:
  - {fileID: 443778}
  m_Father: {fileID: 444098}
  m_RootOrder: 4
--- !u!4 &487308
Transform:
  m_ObjectHideFlags: 1
  m_PrefabParentObject: {fileID: 0}
  m_PrefabInternal: {fileID: 100100000}
  m_GameObject: {fileID: 163486}
  m_LocalRotation: {x: 0, y: 0, z: 0, w: 1}
  m_LocalPosition: {x: -0, y: 0.1095421, z: -2.0846445e-10}
  m_LocalScale: {x: 1, y: 1, z: 1}
  m_Children:
  - {fileID: 412932}
  m_Father: {fileID: 413284}
  m_RootOrder: 0
--- !u!4 &489354
Transform:
  m_ObjectHideFlags: 1
  m_PrefabParentObject: {fileID: 0}
  m_PrefabInternal: {fileID: 100100000}
  m_GameObject: {fileID: 151794}
  m_LocalRotation: {x: -0.00000026408355, y: -0.000009069777, z: -0.0019942522, w: 0.99999803}
  m_LocalPosition: {x: 0.000051747633, y: 0.028925303, z: 6.396988e-10}
  m_LocalScale: {x: 1, y: 1, z: 1}
  m_Children:
  - {fileID: 497314}
  m_Father: {fileID: 456900}
  m_RootOrder: 0
--- !u!4 &489548
Transform:
  m_ObjectHideFlags: 1
  m_PrefabParentObject: {fileID: 0}
  m_PrefabInternal: {fileID: 100100000}
  m_GameObject: {fileID: 159740}
  m_LocalRotation: {x: 0, y: 0, z: 0, w: 1}
  m_LocalPosition: {x: -1.0760003, y: -0.182, z: -0.33945918}
  m_LocalScale: {x: 1, y: 1, z: 1}
  m_Children:
  - {fileID: 498448}
  - {fileID: 433088}
  - {fileID: 496898}
  - {fileID: 411940}
  m_Father: {fileID: 402352}
  m_RootOrder: 4
--- !u!4 &489842
Transform:
  m_ObjectHideFlags: 1
  m_PrefabParentObject: {fileID: 0}
  m_PrefabInternal: {fileID: 100100000}
  m_GameObject: {fileID: 192288}
  m_LocalRotation: {x: 0.20494182, y: -0.06343052, z: -0.29772884, w: 0.93023276}
  m_LocalPosition: {x: 0.029436352, y: 0.04291049, z: 0.011245979}
  m_LocalScale: {x: 1, y: 1, z: 1}
  m_Children:
  - {fileID: 446250}
  m_Father: {fileID: 423430}
  m_RootOrder: 4
--- !u!4 &495278
Transform:
  m_ObjectHideFlags: 1
  m_PrefabParentObject: {fileID: 0}
  m_PrefabInternal: {fileID: 100100000}
  m_GameObject: {fileID: 192486}
  m_LocalRotation: {x: -0.034156695, y: 0.000000003203499, z: -0.000000089358984,
    w: 0.9994165}
  m_LocalPosition: {x: -0.00000919955, y: 0.028819485, z: -0.0000000010720131}
  m_LocalScale: {x: 1, y: 1, z: 1}
  m_Children:
  - {fileID: 439558}
  m_Father: {fileID: 407760}
  m_RootOrder: 0
--- !u!4 &496898
Transform:
  m_ObjectHideFlags: 1
  m_PrefabParentObject: {fileID: 0}
  m_PrefabInternal: {fileID: 100100000}
  m_GameObject: {fileID: 198260}
  m_LocalRotation: {x: 0, y: 0, z: 0, w: 1}
  m_LocalPosition: {x: 1.817, y: 1.555, z: 0.884}
  m_LocalScale: {x: 0.08417394, y: 0.079169534, z: 1.5791383}
  m_Children: []
  m_Father: {fileID: 489548}
  m_RootOrder: 2
--- !u!4 &497314
Transform:
  m_ObjectHideFlags: 1
  m_PrefabParentObject: {fileID: 0}
  m_PrefabInternal: {fileID: 100100000}
  m_GameObject: {fileID: 165192}
  m_LocalRotation: {x: -0.029134896, y: 0.000000047322757, z: -0.0000000732217, w: 0.9995755}
  m_LocalPosition: {x: -0.000058949045, y: 0.026931653, z: 4.5785098e-10}
  m_LocalScale: {x: 1, y: 1, z: 1}
  m_Children:
  - {fileID: 409436}
  m_Father: {fileID: 489354}
  m_RootOrder: 0
--- !u!4 &497746
Transform:
  m_ObjectHideFlags: 1
  m_PrefabParentObject: {fileID: 0}
  m_PrefabInternal: {fileID: 100100000}
  m_GameObject: {fileID: 160500}
  m_LocalRotation: {x: -0.014837809, y: 0.0039561065, z: -0.04161069, w: 0.9990159}
  m_LocalPosition: {x: 0.01130062, y: 0.1376916, z: -0.0041418616}
  m_LocalScale: {x: 1, y: 1, z: 1}
  m_Children:
  - {fileID: 405434}
  m_Father: {fileID: 423430}
  m_RootOrder: 1
--- !u!4 &497844
Transform:
  m_ObjectHideFlags: 1
  m_PrefabParentObject: {fileID: 0}
  m_PrefabInternal: {fileID: 100100000}
  m_GameObject: {fileID: 116364}
  m_LocalRotation: {x: -0.021333275, y: -0.000000035742126, z: -0.00000004145393,
    w: 0.9997724}
  m_LocalPosition: {x: 0.0014872557, y: 0.036296904, z: 0.0000000014802722}
  m_LocalScale: {x: 1, y: 1, z: 1}
  m_Children:
  - {fileID: 477120}
  m_Father: {fileID: 446250}
  m_RootOrder: 0
--- !u!4 &497900
Transform:
  m_ObjectHideFlags: 1
  m_PrefabParentObject: {fileID: 0}
  m_PrefabInternal: {fileID: 100100000}
  m_GameObject: {fileID: 131378}
  m_LocalRotation: {x: 0, y: 0, z: 0, w: 1}
  m_LocalPosition: {x: -2.504, y: 0.876, z: 0}
  m_LocalScale: {x: 0.31931034, y: 0.46131846, z: 0.25711423}
  m_Children: []
  m_Father: {fileID: 428596}
  m_RootOrder: 0
--- !u!4 &498028
Transform:
  m_ObjectHideFlags: 1
  m_PrefabParentObject: {fileID: 0}
  m_PrefabInternal: {fileID: 100100000}
  m_GameObject: {fileID: 101736}
  m_LocalRotation: {x: 0, y: 0, z: 0, w: 1}
  m_LocalPosition: {x: -1.952167e-10, y: 0.06978882, z: -8.241534e-12}
  m_LocalScale: {x: 1, y: 1, z: 1}
  m_Children: []
  m_Father: {fileID: 420166}
  m_RootOrder: 0
--- !u!4 &498140
Transform:
  m_ObjectHideFlags: 1
  m_PrefabParentObject: {fileID: 0}
  m_PrefabInternal: {fileID: 100100000}
  m_GameObject: {fileID: 194672}
  m_LocalRotation: {x: 0.52869993, y: 0.012322374, z: 0.058768366, w: 0.84668225}
  m_LocalPosition: {x: -2.6010039e-10, y: 0.44007698, z: -0.0000000053218714}
  m_LocalScale: {x: 1, y: 1, z: 1}
  m_Children:
  - {fileID: 420166}
  m_Father: {fileID: 441048}
  m_RootOrder: 0
--- !u!4 &498448
Transform:
  m_ObjectHideFlags: 1
  m_PrefabParentObject: {fileID: 0}
  m_PrefabInternal: {fileID: 100100000}
  m_GameObject: {fileID: 198782}
  m_LocalRotation: {x: 0, y: 0, z: 0, w: 1}
  m_LocalPosition: {x: 1.817, y: 1.555, z: 0.884}
  m_LocalScale: {x: 0.08417394, y: 0.079169534, z: 1.5791383}
  m_Children: []
  m_Father: {fileID: 489548}
  m_RootOrder: 0
--- !u!23 &2302668
MeshRenderer:
  m_ObjectHideFlags: 1
  m_PrefabParentObject: {fileID: 0}
  m_PrefabInternal: {fileID: 100100000}
  m_GameObject: {fileID: 145506}
  m_Enabled: 1
  m_CastShadows: 1
  m_ReceiveShadows: 1
  m_Materials:
  - {fileID: 2100000, guid: 9523c1666381c9f4f951321e8b51a257, type: 2}
  m_SubsetIndices: 
  m_StaticBatchRoot: {fileID: 0}
  m_UseLightProbes: 1
  m_ReflectionProbeUsage: 1
  m_ProbeAnchor: {fileID: 0}
  m_ScaleInLightmap: 1
  m_PreserveUVs: 0
  m_IgnoreNormalsForChartDetection: 0
  m_ImportantGI: 0
  m_MinimumChartSize: 4
  m_AutoUVMaxDistance: 0.5
  m_AutoUVMaxAngle: 89
  m_LightmapParameters: {fileID: 0}
  m_SortingLayerID: 0
  m_SortingOrder: 0
--- !u!23 &2302912
MeshRenderer:
  m_ObjectHideFlags: 1
  m_PrefabParentObject: {fileID: 0}
  m_PrefabInternal: {fileID: 100100000}
  m_GameObject: {fileID: 171216}
  m_Enabled: 1
  m_CastShadows: 1
  m_ReceiveShadows: 1
  m_Materials:
  - {fileID: 10303, guid: 0000000000000000f000000000000000, type: 0}
  m_SubsetIndices: 
  m_StaticBatchRoot: {fileID: 0}
  m_UseLightProbes: 1
  m_ReflectionProbeUsage: 1
  m_ProbeAnchor: {fileID: 0}
  m_ScaleInLightmap: 1
  m_PreserveUVs: 1
  m_IgnoreNormalsForChartDetection: 0
  m_ImportantGI: 0
  m_MinimumChartSize: 4
  m_AutoUVMaxDistance: 0.5
  m_AutoUVMaxAngle: 89
  m_LightmapParameters: {fileID: 0}
  m_SortingLayerID: 0
  m_SortingOrder: 0
--- !u!23 &2312564
MeshRenderer:
  m_ObjectHideFlags: 1
  m_PrefabParentObject: {fileID: 0}
  m_PrefabInternal: {fileID: 100100000}
  m_GameObject: {fileID: 194636}
  m_Enabled: 1
  m_CastShadows: 1
  m_ReceiveShadows: 1
  m_Materials:
  - {fileID: 2100000, guid: 9523c1666381c9f4f951321e8b51a257, type: 2}
  m_SubsetIndices: 
  m_StaticBatchRoot: {fileID: 0}
  m_UseLightProbes: 1
  m_ReflectionProbeUsage: 1
  m_ProbeAnchor: {fileID: 0}
  m_ScaleInLightmap: 1
  m_PreserveUVs: 0
  m_IgnoreNormalsForChartDetection: 0
  m_ImportantGI: 0
  m_MinimumChartSize: 4
  m_AutoUVMaxDistance: 0.5
  m_AutoUVMaxAngle: 89
  m_LightmapParameters: {fileID: 0}
  m_SortingLayerID: 0
  m_SortingOrder: 0
--- !u!23 &2326518
MeshRenderer:
  m_ObjectHideFlags: 1
  m_PrefabParentObject: {fileID: 0}
  m_PrefabInternal: {fileID: 100100000}
  m_GameObject: {fileID: 183758}
  m_Enabled: 0
  m_CastShadows: 1
  m_ReceiveShadows: 1
  m_Materials:
  - {fileID: 10303, guid: 0000000000000000f000000000000000, type: 0}
  m_SubsetIndices: 
  m_StaticBatchRoot: {fileID: 0}
  m_UseLightProbes: 1
  m_ReflectionProbeUsage: 1
  m_ProbeAnchor: {fileID: 0}
  m_ScaleInLightmap: 1
  m_PreserveUVs: 1
  m_IgnoreNormalsForChartDetection: 0
  m_ImportantGI: 0
  m_MinimumChartSize: 4
  m_AutoUVMaxDistance: 0.5
  m_AutoUVMaxAngle: 89
  m_LightmapParameters: {fileID: 0}
  m_SortingLayerID: 0
  m_SortingOrder: 0
--- !u!23 &2342432
MeshRenderer:
  m_ObjectHideFlags: 1
  m_PrefabParentObject: {fileID: 0}
  m_PrefabInternal: {fileID: 100100000}
  m_GameObject: {fileID: 102414}
  m_Enabled: 1
  m_CastShadows: 1
  m_ReceiveShadows: 1
  m_Materials:
  - {fileID: 10303, guid: 0000000000000000f000000000000000, type: 0}
  m_SubsetIndices: 
  m_StaticBatchRoot: {fileID: 0}
  m_UseLightProbes: 1
  m_ReflectionProbeUsage: 1
  m_ProbeAnchor: {fileID: 0}
  m_ScaleInLightmap: 1
  m_PreserveUVs: 1
  m_IgnoreNormalsForChartDetection: 0
  m_ImportantGI: 0
  m_MinimumChartSize: 4
  m_AutoUVMaxDistance: 0.5
  m_AutoUVMaxAngle: 89
  m_LightmapParameters: {fileID: 0}
  m_SortingLayerID: 0
  m_SortingOrder: 0
--- !u!23 &2355614
MeshRenderer:
  m_ObjectHideFlags: 1
  m_PrefabParentObject: {fileID: 0}
  m_PrefabInternal: {fileID: 100100000}
  m_GameObject: {fileID: 198260}
  m_Enabled: 1
  m_CastShadows: 1
  m_ReceiveShadows: 1
  m_Materials:
  - {fileID: 2100000, guid: b22d141bdf440964ba3e395e72b67004, type: 2}
  m_SubsetIndices: 
  m_StaticBatchRoot: {fileID: 0}
  m_UseLightProbes: 1
  m_ReflectionProbeUsage: 1
  m_ProbeAnchor: {fileID: 0}
  m_ScaleInLightmap: 1
  m_PreserveUVs: 1
  m_IgnoreNormalsForChartDetection: 0
  m_ImportantGI: 0
  m_MinimumChartSize: 4
  m_AutoUVMaxDistance: 0.5
  m_AutoUVMaxAngle: 89
  m_LightmapParameters: {fileID: 0}
  m_SortingLayerID: 0
  m_SortingOrder: 0
--- !u!23 &2377112
MeshRenderer:
  m_ObjectHideFlags: 1
  m_PrefabParentObject: {fileID: 0}
  m_PrefabInternal: {fileID: 100100000}
  m_GameObject: {fileID: 136678}
  m_Enabled: 0
  m_CastShadows: 1
  m_ReceiveShadows: 1
  m_Materials:
  - {fileID: 10303, guid: 0000000000000000f000000000000000, type: 0}
  m_SubsetIndices: 
  m_StaticBatchRoot: {fileID: 0}
  m_UseLightProbes: 1
  m_ReflectionProbeUsage: 1
  m_ProbeAnchor: {fileID: 0}
  m_ScaleInLightmap: 1
  m_PreserveUVs: 1
  m_IgnoreNormalsForChartDetection: 0
  m_ImportantGI: 0
  m_MinimumChartSize: 4
  m_AutoUVMaxDistance: 0.5
  m_AutoUVMaxAngle: 89
  m_LightmapParameters: {fileID: 0}
  m_SortingLayerID: 0
  m_SortingOrder: 0
--- !u!23 &2377190
MeshRenderer:
  m_ObjectHideFlags: 1
  m_PrefabParentObject: {fileID: 0}
  m_PrefabInternal: {fileID: 100100000}
  m_GameObject: {fileID: 198782}
  m_Enabled: 1
  m_CastShadows: 1
  m_ReceiveShadows: 1
  m_Materials:
  - {fileID: 2100000, guid: b22d141bdf440964ba3e395e72b67004, type: 2}
  m_SubsetIndices: 
  m_StaticBatchRoot: {fileID: 0}
  m_UseLightProbes: 1
  m_ReflectionProbeUsage: 1
  m_ProbeAnchor: {fileID: 0}
  m_ScaleInLightmap: 1
  m_PreserveUVs: 1
  m_IgnoreNormalsForChartDetection: 0
  m_ImportantGI: 0
  m_MinimumChartSize: 4
  m_AutoUVMaxDistance: 0.5
  m_AutoUVMaxAngle: 89
  m_LightmapParameters: {fileID: 0}
  m_SortingLayerID: 0
  m_SortingOrder: 0
--- !u!23 &2398914
MeshRenderer:
  m_ObjectHideFlags: 1
  m_PrefabParentObject: {fileID: 0}
  m_PrefabInternal: {fileID: 100100000}
  m_GameObject: {fileID: 131378}
  m_Enabled: 0
  m_CastShadows: 1
  m_ReceiveShadows: 1
  m_Materials:
  - {fileID: 10303, guid: 0000000000000000f000000000000000, type: 0}
  m_SubsetIndices: 
  m_StaticBatchRoot: {fileID: 0}
  m_UseLightProbes: 1
  m_ReflectionProbeUsage: 1
  m_ProbeAnchor: {fileID: 0}
  m_ScaleInLightmap: 1
  m_PreserveUVs: 1
  m_IgnoreNormalsForChartDetection: 0
  m_ImportantGI: 0
  m_MinimumChartSize: 4
  m_AutoUVMaxDistance: 0.5
  m_AutoUVMaxAngle: 89
  m_LightmapParameters: {fileID: 0}
  m_SortingLayerID: 0
  m_SortingOrder: 0
--- !u!33 &3300770
MeshFilter:
  m_ObjectHideFlags: 1
  m_PrefabParentObject: {fileID: 0}
  m_PrefabInternal: {fileID: 100100000}
  m_GameObject: {fileID: 194636}
  m_Mesh: {fileID: 4300000, guid: 8470e6d78e5fb8a4d9a47e7d35d6d914, type: 3}
--- !u!33 &3305082
MeshFilter:
  m_ObjectHideFlags: 1
  m_PrefabParentObject: {fileID: 0}
  m_PrefabInternal: {fileID: 100100000}
  m_GameObject: {fileID: 131378}
  m_Mesh: {fileID: 10202, guid: 0000000000000000e000000000000000, type: 0}
--- !u!33 &3317502
MeshFilter:
  m_ObjectHideFlags: 1
  m_PrefabParentObject: {fileID: 0}
  m_PrefabInternal: {fileID: 100100000}
  m_GameObject: {fileID: 136678}
  m_Mesh: {fileID: 10202, guid: 0000000000000000e000000000000000, type: 0}
--- !u!33 &3343396
MeshFilter:
  m_ObjectHideFlags: 1
  m_PrefabParentObject: {fileID: 0}
  m_PrefabInternal: {fileID: 100100000}
  m_GameObject: {fileID: 183758}
  m_Mesh: {fileID: 10202, guid: 0000000000000000e000000000000000, type: 0}
--- !u!33 &3379952
MeshFilter:
  m_ObjectHideFlags: 1
  m_PrefabParentObject: {fileID: 0}
  m_PrefabInternal: {fileID: 100100000}
  m_GameObject: {fileID: 171216}
  m_Mesh: {fileID: 10202, guid: 0000000000000000e000000000000000, type: 0}
--- !u!33 &3380486
MeshFilter:
  m_ObjectHideFlags: 1
  m_PrefabParentObject: {fileID: 0}
  m_PrefabInternal: {fileID: 100100000}
  m_GameObject: {fileID: 102414}
  m_Mesh: {fileID: 10202, guid: 0000000000000000e000000000000000, type: 0}
--- !u!33 &3384666
MeshFilter:
  m_ObjectHideFlags: 1
  m_PrefabParentObject: {fileID: 0}
  m_PrefabInternal: {fileID: 100100000}
  m_GameObject: {fileID: 198260}
  m_Mesh: {fileID: 10202, guid: 0000000000000000e000000000000000, type: 0}
--- !u!33 &3386912
MeshFilter:
  m_ObjectHideFlags: 1
  m_PrefabParentObject: {fileID: 0}
  m_PrefabInternal: {fileID: 100100000}
  m_GameObject: {fileID: 141200}
  m_Mesh: {fileID: 10202, guid: 0000000000000000e000000000000000, type: 0}
--- !u!33 &3396566
MeshFilter:
  m_ObjectHideFlags: 1
  m_PrefabParentObject: {fileID: 0}
  m_PrefabInternal: {fileID: 100100000}
  m_GameObject: {fileID: 145506}
  m_Mesh: {fileID: 4300000, guid: 5ed53550d4d02da4fa6127ad1be5c4ff, type: 3}
--- !u!33 &3399664
MeshFilter:
  m_ObjectHideFlags: 1
  m_PrefabParentObject: {fileID: 0}
  m_PrefabInternal: {fileID: 100100000}
  m_GameObject: {fileID: 198782}
  m_Mesh: {fileID: 10202, guid: 0000000000000000e000000000000000, type: 0}
--- !u!54 &5451284
Rigidbody:
  m_ObjectHideFlags: 1
  m_PrefabParentObject: {fileID: 0}
  m_PrefabInternal: {fileID: 100100000}
  m_GameObject: {fileID: 102766}
  serializedVersion: 2
  m_Mass: 10
  m_Drag: 0
  m_AngularDrag: 1
  m_UseGravity: 1
  m_IsKinematic: 0
  m_Interpolate: 0
  m_Constraints: 4
  m_CollisionDetection: 1
--- !u!65 &6506038
BoxCollider:
  m_ObjectHideFlags: 1
  m_PrefabParentObject: {fileID: 0}
  m_PrefabInternal: {fileID: 100100000}
  m_GameObject: {fileID: 136678}
  m_Material: {fileID: 0}
  m_IsTrigger: 0
  m_Enabled: 1
  serializedVersion: 2
  m_Size: {x: 1, y: 1, z: 1}
  m_Center: {x: 0, y: 0, z: 0}
--- !u!65 &6525914
BoxCollider:
  m_ObjectHideFlags: 1
  m_PrefabParentObject: {fileID: 0}
  m_PrefabInternal: {fileID: 100100000}
  m_GameObject: {fileID: 198782}
  m_Material: {fileID: 0}
  m_IsTrigger: 1
  m_Enabled: 1
  serializedVersion: 2
  m_Size: {x: 1, y: 1, z: 1}
  m_Center: {x: 0, y: 0, z: 0}
--- !u!65 &6534812
BoxCollider:
  m_ObjectHideFlags: 1
  m_PrefabParentObject: {fileID: 0}
  m_PrefabInternal: {fileID: 100100000}
  m_GameObject: {fileID: 141200}
  m_Material: {fileID: 0}
  m_IsTrigger: 0
  m_Enabled: 0
  serializedVersion: 2
  m_Size: {x: 1, y: 1, z: 1}
  m_Center: {x: 0, y: 0, z: 0}
--- !u!65 &6539314
BoxCollider:
  m_ObjectHideFlags: 1
  m_PrefabParentObject: {fileID: 0}
  m_PrefabInternal: {fileID: 100100000}
  m_GameObject: {fileID: 198260}
  m_Material: {fileID: 0}
  m_IsTrigger: 1
  m_Enabled: 1
  serializedVersion: 2
  m_Size: {x: 1, y: 1, z: 1}
  m_Center: {x: 0, y: 0, z: 0}
--- !u!65 &6549828
BoxCollider:
  m_ObjectHideFlags: 1
  m_PrefabParentObject: {fileID: 0}
  m_PrefabInternal: {fileID: 100100000}
  m_GameObject: {fileID: 171216}
  m_Material: {fileID: 0}
  m_IsTrigger: 0
  m_Enabled: 1
  serializedVersion: 2
  m_Size: {x: 1, y: 1, z: 1}
  m_Center: {x: 0, y: 0, z: 0}
--- !u!65 &6553170
BoxCollider:
  m_ObjectHideFlags: 1
  m_PrefabParentObject: {fileID: 0}
  m_PrefabInternal: {fileID: 100100000}
  m_GameObject: {fileID: 131378}
  m_Material: {fileID: 0}
  m_IsTrigger: 0
  m_Enabled: 1
  serializedVersion: 2
  m_Size: {x: 1, y: 1, z: 1}
  m_Center: {x: 0, y: 0, z: 0}
--- !u!65 &6558744
BoxCollider:
  m_ObjectHideFlags: 1
  m_PrefabParentObject: {fileID: 0}
  m_PrefabInternal: {fileID: 100100000}
  m_GameObject: {fileID: 183758}
  m_Material: {fileID: 0}
  m_IsTrigger: 0
  m_Enabled: 1
  serializedVersion: 2
  m_Size: {x: 1, y: 1, z: 1}
  m_Center: {x: 0, y: 0, z: 0}
--- !u!65 &6560142
BoxCollider:
  m_ObjectHideFlags: 1
  m_PrefabParentObject: {fileID: 0}
  m_PrefabInternal: {fileID: 100100000}
  m_GameObject: {fileID: 102414}
  m_Material: {fileID: 0}
  m_IsTrigger: 0
  m_Enabled: 1
  serializedVersion: 2
  m_Size: {x: 1, y: 1, z: 1}
  m_Center: {x: 0, y: 0, z: 0}
--- !u!65 &6590486
BoxCollider:
  m_ObjectHideFlags: 1
  m_PrefabParentObject: {fileID: 0}
  m_PrefabInternal: {fileID: 100100000}
  m_GameObject: {fileID: 145506}
  m_Material: {fileID: 0}
  m_IsTrigger: 0
  m_Enabled: 1
  serializedVersion: 2
  m_Size: {x: 0.13816057, y: 0.4151795, z: 0.07}
  m_Center: {x: 0, y: 0.07564918, z: 0}
--- !u!65 &6598976
BoxCollider:
  m_ObjectHideFlags: 1
  m_PrefabParentObject: {fileID: 0}
  m_PrefabInternal: {fileID: 100100000}
  m_GameObject: {fileID: 194636}
  m_Material: {fileID: 0}
  m_IsTrigger: 0
  m_Enabled: 1
  serializedVersion: 2
  m_Size: {x: 0.13, y: 1.3478267, z: 0.04406328}
  m_Center: {x: 0, y: 0.44, z: 0}
--- !u!95 &9554408
Animator:
  serializedVersion: 3
  m_ObjectHideFlags: 1
  m_PrefabParentObject: {fileID: 0}
  m_PrefabInternal: {fileID: 100100000}
  m_GameObject: {fileID: 102766}
  m_Enabled: 1
  m_Avatar: {fileID: 9000000, guid: c564dd34768ef4c8e9bc9780f52c8b74, type: 3}
  m_Controller: {fileID: 9100000, guid: 6a27802f67c795f4e9154f8c06daa7ce, type: 2}
  m_CullingMode: 1
  m_UpdateMode: 1
  m_ApplyRootMotion: 0
  m_LinearVelocityBlending: 0
  m_WarningMessage: 
  m_HasTransformHierarchy: 1
  m_AllowConstantClipSamplingOptimization: 1
--- !u!108 &10841868
Light:
  m_ObjectHideFlags: 1
  m_PrefabParentObject: {fileID: 0}
  m_PrefabInternal: {fileID: 100100000}
  m_GameObject: {fileID: 194574}
  m_Enabled: 1
  serializedVersion: 6
  m_Type: 2
  m_Color: {r: 0.9843137, g: 0.8980392, b: 0.74509805, a: 1}
  m_Intensity: 1
  m_Range: 10
  m_SpotAngle: 30
  m_CookieSize: 10
  m_Shadows:
    m_Type: 0
    m_Resolution: -1
    m_Strength: 1
    m_Bias: 0.05
    m_NormalBias: 0.4
    m_NearPlane: 0.2
  m_Cookie: {fileID: 0}
  m_DrawHalo: 0
  m_Flare: {fileID: 0}
  m_RenderMode: 0
  m_CullingMask:
    serializedVersion: 2
    m_Bits: 4294967295
  m_Lightmapping: 4
  m_BounceIntensity: 1
  m_ShadowRadius: 0
  m_ShadowAngle: 0
  m_AreaSize: {x: 1, y: 1}
--- !u!114 &11405660
MonoBehaviour:
  m_ObjectHideFlags: 1
  m_PrefabParentObject: {fileID: 0}
  m_PrefabInternal: {fileID: 100100000}
  m_GameObject: {fileID: 102766}
  m_Enabled: 1
  m_EditorHideFlags: 0
  m_Script: {fileID: 11500000, guid: 24fccd643e11c4c0caf251faeafa689a, type: 3}
  m_Name: 
  m_EditorClassIdentifier: 
  DeactivateRenderer: 0
--- !u!114 &11425860
MonoBehaviour:
  m_ObjectHideFlags: 1
  m_PrefabParentObject: {fileID: 0}
  m_PrefabInternal: {fileID: 100100000}
  m_GameObject: {fileID: 175976}
  m_Enabled: 1
  m_EditorHideFlags: 0
  m_Script: {fileID: 11500000, guid: 5fe2c32a58079c54d9e37fa3faadd916, type: 3}
  m_Name: 
  m_EditorClassIdentifier: 
  target: {fileID: 402352}
  offset: {x: -0.15, y: 2, z: 0}
  clampToScreen: 0
  clampBorderSize: 0.05
  useMainCamera: 1
  cameraToUse: {fileID: 0}
  DestroyAfterTime: 0
  TimeUntilDestruction: 5
  isPicture: 0
  scaling: 2
--- !u!114 &11454690
MonoBehaviour:
  m_ObjectHideFlags: 1
  m_PrefabParentObject: {fileID: 0}
  m_PrefabInternal: {fileID: 100100000}
  m_GameObject: {fileID: 102766}
  m_Enabled: 1
  m_EditorHideFlags: 0
  m_Script: {fileID: 11500000, guid: ce7a80d520cacc042b5fe14f373d8173, type: 3}
  m_Name: 
  m_EditorClassIdentifier: 
  m_MovingTurnSpeed: 600
  m_StationaryTurnSpeed: 360
  m_JumpPower: 6
  m_GravityMultiplier: 2
  m_RunCycleLegOffset: 0.2
  m_MoveSpeedMultiplier: 0.75
  m_AnimSpeedMultiplier: 1.2
  m_GroundCheckDistance: 0.3
  collisionMask:
    serializedVersion: 2
    m_Bits: 4294963711
--- !u!114 &11476208
MonoBehaviour:
  m_ObjectHideFlags: 1
  m_PrefabParentObject: {fileID: 0}
  m_PrefabInternal: {fileID: 100100000}
  m_GameObject: {fileID: 145506}
  m_Enabled: 1
  m_EditorHideFlags: 0
  m_Script: {fileID: 11500000, guid: 323d39606e016794391e28354462f36d, type: 3}
  m_Name: 
  m_EditorClassIdentifier: 
  attackSpeed: 2
  stopAttackOnHit: 1
  minimumAttackTime: 250
  stopAttackSpeed: 0.1
  damagePerHit: 2
  damageRecoveringSpeed: 2
  maxHitsPerAttack: 1
  handBone: {fileID: 423430}
--- !u!114 &11476540
MonoBehaviour:
  m_ObjectHideFlags: 1
  m_PrefabParentObject: {fileID: 0}
  m_PrefabInternal: {fileID: 100100000}
  m_GameObject: {fileID: 175976}
  m_Enabled: 0
  m_EditorHideFlags: 0
  m_Script: {fileID: 708705254, guid: f5f67c52d1564df4a8936ccd202a3bd8, type: 3}
  m_Name: 
  m_EditorClassIdentifier: 
  m_Material: {fileID: 0}
  m_Color: {r: 0.19607843, g: 0.19607843, b: 0.19607843, a: 1}
  m_RaycastTarget: 1
  m_OnCullStateChanged:
    m_PersistentCalls:
      m_Calls: []
    m_TypeName: UnityEngine.UI.MaskableGraphic+CullStateChangedEvent, UnityEngine.UI,
      Version=1.0.0.0, Culture=neutral, PublicKeyToken=null
  m_FontData:
    m_Font: {fileID: 10102, guid: 0000000000000000e000000000000000, type: 0}
    m_FontSize: 14
    m_FontStyle: 0
    m_BestFit: 0
    m_MinSize: 10
    m_MaxSize: 40
    m_Alignment: 0
    m_AlignByGeometry: 0
    m_RichText: 1
    m_HorizontalOverflow: 0
    m_VerticalOverflow: 0
    m_LineSpacing: 1
  m_Text: 
--- !u!114 &11476684
MonoBehaviour:
  m_ObjectHideFlags: 1
  m_PrefabParentObject: {fileID: 0}
  m_PrefabInternal: {fileID: 100100000}
  m_GameObject: {fileID: 194636}
  m_Enabled: 1
  m_EditorHideFlags: 0
  m_Script: {fileID: 11500000, guid: 323d39606e016794391e28354462f36d, type: 3}
  m_Name: 
  m_EditorClassIdentifier: 
  attackSpeed: 1
  stopAttackOnHit: 1
  minimumAttackTime: 200
  stopAttackSpeed: 0.1
  damagePerHit: 5
  damageRecoveringSpeed: 2
  maxHitsPerAttack: 1
  handBone: {fileID: 444098}
--- !u!114 &11480940
MonoBehaviour:
  m_ObjectHideFlags: 1
  m_PrefabParentObject: {fileID: 0}
  m_PrefabInternal: {fileID: 100100000}
  m_GameObject: {fileID: 102766}
  m_Enabled: 1
  m_EditorHideFlags: 0
  m_Script: {fileID: 11500000, guid: f796d21043e984a4098b62d6b526e847, type: 3}
  m_Name: 
  m_EditorClassIdentifier: 
  avatarName: Ueli
  collectHealth: 0
  collectFaith: 0
  collectMoney: 0
  health: 1
  MaxHealth: 1
  faith: 0.5
  MaxFaith: 1
  maxProtection: 0
  groundType: 0
  money: 0
  guiDebug:
    m_Name: 
    m_Normal:
      m_Background: {fileID: 0}
      m_TextColor: {r: 0, g: 0, b: 0, a: 1}
    m_Hover:
      m_Background: {fileID: 0}
      m_TextColor: {r: 0, g: 0, b: 0, a: 1}
    m_Active:
      m_Background: {fileID: 0}
      m_TextColor: {r: 0, g: 0, b: 0, a: 1}
    m_Focused:
      m_Background: {fileID: 0}
      m_TextColor: {r: 0, g: 0, b: 0, a: 1}
    m_OnNormal:
      m_Background: {fileID: 0}
      m_TextColor: {r: 0, g: 0, b: 0, a: 1}
    m_OnHover:
      m_Background: {fileID: 0}
      m_TextColor: {r: 0, g: 0, b: 0, a: 1}
    m_OnActive:
      m_Background: {fileID: 0}
      m_TextColor: {r: 0, g: 0, b: 0, a: 1}
    m_OnFocused:
      m_Background: {fileID: 0}
      m_TextColor: {r: 0, g: 0, b: 0, a: 1}
    m_Border:
      m_Left: 0
      m_Right: 0
      m_Top: 0
      m_Bottom: 0
    m_Margin:
      m_Left: 0
      m_Right: 0
      m_Top: 0
      m_Bottom: 0
    m_Padding:
      m_Left: 0
      m_Right: 0
      m_Top: 0
      m_Bottom: 0
    m_Overflow:
      m_Left: 0
      m_Right: 0
      m_Top: 0
      m_Bottom: 0
    m_Font: {fileID: 0}
    m_FontSize: 0
    m_FontStyle: 0
    m_Alignment: 0
    m_WordWrap: 0
    m_RichText: 1
    m_TextClipping: 0
    m_ImagePosition: 0
    m_ContentOffset: {x: 0, y: 0}
    m_FixedWidth: 0
    m_FixedHeight: 0
    m_StretchWidth: 1
    m_StretchHeight: 0
  fightingSpiritAttackSpedModifier: 2
  fightingSpiritBoostsAttackSpeed: 0
  fightingSpiritDamageModifier: 1
  fightingSpiritBoostsDamage: 1
  fightingSpiritMovementModifier: 1
  fightingSpiritBoostsMovementSpeed: 1
  UseColor: 0
  HumanColor: {r: 0, g: 0, b: 0, a: 0}
  CharacterMeshChildName: Typ_3
  convertToRagdoll: 1
  ragdollPrefab: {fileID: 140772, guid: 9a6b36b373ae06c4abe2bbcd4a45bbc8, type: 2}
  npcBehaviour: {fileID: 0}
  ShowBoostHight: 0
  boostHighlightColor: {r: 1, g: 1, b: 1, a: 0}
--- !u!114 &11481522
MonoBehaviour:
  m_ObjectHideFlags: 1
  m_PrefabParentObject: {fileID: 0}
  m_PrefabInternal: {fileID: 100100000}
  m_GameObject: {fileID: 102766}
  m_Enabled: 1
  m_EditorHideFlags: 0
  m_Script: {fileID: 11500000, guid: 8d9a298a515b2cb4f84368a548e5d1c9, type: 3}
  m_Name: 
  m_EditorClassIdentifier: 
  behaviour: 8
  minCameraDistance: 20
  rotateOnDetect: 1
  stareOnTarget: 1
  focusOnOne: 0
  followEnemy: 1
  followFriend: 1
  hitCooldownMin: 1500
  hitCooldownMax: 3000
  sensors:
    blockRadius: 1.8
    blockColor: {r: 0.9450981, g: 0.9058824, b: 0.6862745, a: 1}
    followDistanceToPlayer: 2
    attackRadius: 1.1
    attackColor: {r: 0.043137256, g: 0.8000001, b: 0.04705883, a: 1}
    characterLayerMask:
      serializedVersion: 2
      m_Bits: 256
  patrolWayPoints: []
  patrolWaitTime: 1
  patrol: 0
  callFriends: 0
  maxNumberOfFriends: 0
  behaviourMode: 5
  minWaitTimeForBehaviourSwitch: 2
--- !u!114 &11486038
MonoBehaviour:
  m_ObjectHideFlags: 1
  m_PrefabParentObject: {fileID: 0}
  m_PrefabInternal: {fileID: 100100000}
  m_GameObject: {fileID: 198260}
  m_Enabled: 1
  m_EditorHideFlags: 0
  m_Script: {fileID: 11500000, guid: 323d39606e016794391e28354462f36d, type: 3}
  m_Name: 
  m_EditorClassIdentifier: 
  attackSpeed: 0.7
  stopAttackOnHit: 1
  minimumAttackTime: 500
  stopAttackSpeed: 0.5
  damagePerHit: 12
  damageRecoveringSpeed: 2
  maxHitsPerAttack: 1
  handBone: {fileID: 444098}
--- !u!114 &11492700
MonoBehaviour:
  m_ObjectHideFlags: 1
  m_PrefabParentObject: {fileID: 0}
  m_PrefabInternal: {fileID: 100100000}
  m_GameObject: {fileID: 175976}
  m_Enabled: 1
  m_EditorHideFlags: 0
  m_Script: {fileID: 11500000, guid: 9ef1bd3ae16da844d8b67ded661bf538, type: 3}
  m_Name: 
  m_EditorClassIdentifier: 
  myName: {fileID: 0}
--- !u!114 &11498330
MonoBehaviour:
  m_ObjectHideFlags: 1
  m_PrefabParentObject: {fileID: 0}
  m_PrefabInternal: {fileID: 100100000}
  m_GameObject: {fileID: 102766}
  m_Enabled: 1
  m_EditorHideFlags: 0
  m_Script: {fileID: 11500000, guid: 7f90b77d97d0ab24581a2c4a1aeb176e, type: 3}
  m_Name: 
  m_EditorClassIdentifier: 
  type: 2
  state: 0
  friendlyFire: 0
  delayOnAttackHit: 0.05
  canSwitchWeapons: 1
  baseAttackSpeed: 0.5
  baseAttackDamage: 1
  slideDuration: 0.15
  slideDistance: 0.5
  slideAngle: 45
  backStepDistance: 2
  backStepDuration: 0.15
  weaponManager:
    startWeaponSet: 0
    ignoreAttackStop: 0
    weaponSet1:
      layerIndex: 1
      slowWeapon: {fileID: 11476684}
      fastWeapon: {fileID: 11476208}
    weaponSet2:
      layerIndex: 2
      slowWeapon: {fileID: 11499744}
      fastWeapon: {fileID: 11486038}
  sensors:
    lookFrequency: 0.15
    lookRadius: 5
    visualContact: 1
    lookColor: {r: 0.041252155, g: 0.8014706, b: 0.046494998, a: 1}
    characterLayerMask:
      serializedVersion: 2
      m_Bits: 256
    nonCharacterLayerMask:
      serializedVersion: 2
      m_Bits: 4294963455
  collisionManager:
    weaponMask:
      serializedVersion: 2
      m_Bits: 512
    blockMask:
      serializedVersion: 2
      m_Bits: 1024
    bodyMask:
      serializedVersion: 2
      m_Bits: 2048
    itemMask:
      serializedVersion: 2
      m_Bits: 4096
    blockCollider: {fileID: 6534812}
  currentSeq: 0
--- !u!114 &11499744
MonoBehaviour:
  m_ObjectHideFlags: 1
  m_PrefabParentObject: {fileID: 0}
  m_PrefabInternal: {fileID: 100100000}
  m_GameObject: {fileID: 198782}
  m_Enabled: 1
  m_EditorHideFlags: 0
  m_Script: {fileID: 11500000, guid: 323d39606e016794391e28354462f36d, type: 3}
  m_Name: 
  m_EditorClassIdentifier: 
  attackSpeed: 0.7
  stopAttackOnHit: 1
  minimumAttackTime: 500
  stopAttackSpeed: 0.5
  damagePerHit: 15
  damageRecoveringSpeed: 0.5
  maxHitsPerAttack: 1
  handBone: {fileID: 444098}
--- !u!132 &13220044
GUIText:
  m_ObjectHideFlags: 1
  m_PrefabParentObject: {fileID: 0}
  m_PrefabInternal: {fileID: 100100000}
  m_GameObject: {fileID: 175976}
  m_Enabled: 1
  serializedVersion: 3
  m_Text: Willy
  m_Anchor: 0
  m_Alignment: 0
  m_PixelOffset: {x: 0, y: 0}
  m_LineSpacing: 1
  m_TabSize: 4
  m_Font: {fileID: 0}
  m_Material: {fileID: 0}
  m_FontSize: 0
  m_FontStyle: 0
  m_Color:
    serializedVersion: 2
    rgba: 4278248447
  m_PixelCorrect: 1
  m_RichText: 1
--- !u!136 &13641426
CapsuleCollider:
  m_ObjectHideFlags: 1
  m_PrefabParentObject: {fileID: 0}
  m_PrefabInternal: {fileID: 100100000}
  m_GameObject: {fileID: 102766}
  m_Material: {fileID: 13400000, guid: c2815a7ab32e42c4bb42f59caacb8ec1, type: 2}
  m_IsTrigger: 0
  m_Enabled: 1
  m_Radius: 0.5
  m_Height: 1.8
  m_Direction: 1
  m_Center: {x: 0, y: 0.9, z: 0}
--- !u!137 &13704774
SkinnedMeshRenderer:
  m_ObjectHideFlags: 1
  m_PrefabParentObject: {fileID: 0}
  m_PrefabInternal: {fileID: 100100000}
  m_GameObject: {fileID: 188612}
  m_Enabled: 1
  m_CastShadows: 1
  m_ReceiveShadows: 1
  m_Materials:
  - {fileID: 2100000, guid: 1c21b080136024fa0966f72b1550d12a, type: 2}
  m_SubsetIndices: 
  m_StaticBatchRoot: {fileID: 0}
  m_UseLightProbes: 1
  m_ReflectionProbeUsage: 1
  m_ProbeAnchor: {fileID: 0}
  m_ScaleInLightmap: 1
  m_PreserveUVs: 0
  m_IgnoreNormalsForChartDetection: 0
  m_ImportantGI: 0
  m_MinimumChartSize: 4
  m_AutoUVMaxDistance: 0.5
  m_AutoUVMaxAngle: 89
  m_LightmapParameters: {fileID: 0}
  m_SortingLayerID: 0
  m_SortingOrder: 0
  serializedVersion: 2
  m_Quality: 0
  m_UpdateWhenOffscreen: 0
  m_Mesh: {fileID: 4300002, guid: c564dd34768ef4c8e9bc9780f52c8b74, type: 3}
  m_Bones:
  - {fileID: 444098}
  - {fileID: 448644}
  - {fileID: 415182}
  - {fileID: 408502}
  - {fileID: 482582}
  - {fileID: 432056}
  - {fileID: 407760}
  - {fileID: 495278}
  - {fileID: 456900}
  - {fileID: 489354}
  - {fileID: 497314}
  - {fileID: 443778}
  - {fileID: 444388}
  - {fileID: 428716}
  - {fileID: 417024}
  - {fileID: 436592}
  - {fileID: 466604}
  - {fileID: 433448}
  - {fileID: 423430}
  - {fileID: 497746}
  - {fileID: 448014}
  - {fileID: 455282}
  - {fileID: 427866}
  - {fileID: 457120}
  - {fileID: 489842}
  - {fileID: 405434}
  - {fileID: 428626}
  - {fileID: 468248}
  - {fileID: 455950}
  - {fileID: 446250}
  - {fileID: 497844}
  - {fileID: 458612}
  - {fileID: 431658}
  - {fileID: 423706}
  - {fileID: 472272}
  - {fileID: 443336}
  - {fileID: 479744}
  - {fileID: 424790}
  - {fileID: 412932}
  - {fileID: 432354}
  - {fileID: 424528}
  m_BlendShapeWeights: []
  m_RootBone: {fileID: 412932}
  m_AABB:
    m_Center: {x: 0.0015546381, y: 0.20618874, z: 0.07590042}
    m_Extent: {x: 0.900296, y: 0.21560737, z: 0.16054791}
  m_DirtyAABB: 0
--- !u!137 &13724724
SkinnedMeshRenderer:
  m_ObjectHideFlags: 1
  m_PrefabParentObject: {fileID: 0}
  m_PrefabInternal: {fileID: 100100000}
  m_GameObject: {fileID: 134026}
  m_Enabled: 1
  m_CastShadows: 1
  m_ReceiveShadows: 1
  m_Materials:
  - {fileID: 2100000, guid: e2a3c6e7cf57f1e45b8395ceb6236212, type: 2}
  m_SubsetIndices: 
  m_StaticBatchRoot: {fileID: 0}
  m_UseLightProbes: 1
  m_ReflectionProbeUsage: 1
  m_ProbeAnchor: {fileID: 0}
  m_ScaleInLightmap: 1
  m_PreserveUVs: 0
  m_IgnoreNormalsForChartDetection: 0
  m_ImportantGI: 0
  m_MinimumChartSize: 4
  m_AutoUVMaxDistance: 0.5
  m_AutoUVMaxAngle: 89
  m_LightmapParameters: {fileID: 0}
  m_SortingLayerID: 0
  m_SortingOrder: 0
  serializedVersion: 2
  m_Quality: 0
  m_UpdateWhenOffscreen: 0
  m_Mesh: {fileID: 4300000, guid: c564dd34768ef4c8e9bc9780f52c8b74, type: 3}
  m_Bones:
  - {fileID: 432378}
  - {fileID: 437848}
  - {fileID: 471860}
  - {fileID: 476416}
  - {fileID: 498140}
  - {fileID: 420166}
  - {fileID: 441048}
  - {fileID: 406690}
  - {fileID: 427216}
  - {fileID: 424528}
  - {fileID: 443336}
  - {fileID: 412932}
  - {fileID: 487308}
  - {fileID: 457120}
  - {fileID: 423430}
  - {fileID: 489842}
  - {fileID: 413284}
  - {fileID: 432354}
  - {fileID: 433448}
  - {fileID: 444098}
  - {fileID: 432056}
  - {fileID: 482582}
  - {fileID: 479744}
  - {fileID: 424790}
  m_BlendShapeWeights: []
  m_RootBone: {fileID: 427216}
  m_AABB:
    m_Center: {x: -0.002324134, y: -0.18501496, z: 0.024561927}
    m_Extent: {x: 0.7116133, y: 0.9495692, z: 0.31648123}
  m_DirtyAABB: 0
--- !u!137 &13744188
SkinnedMeshRenderer:
  m_ObjectHideFlags: 1
  m_PrefabParentObject: {fileID: 0}
  m_PrefabInternal: {fileID: 100100000}
  m_GameObject: {fileID: 129888}
  m_Enabled: 1
  m_CastShadows: 1
  m_ReceiveShadows: 1
  m_Materials:
  - {fileID: 2100000, guid: e67fab40112844a07a0faf5a6ffd580d, type: 2}
  m_SubsetIndices: 
  m_StaticBatchRoot: {fileID: 0}
  m_UseLightProbes: 1
  m_ReflectionProbeUsage: 1
  m_ProbeAnchor: {fileID: 0}
  m_ScaleInLightmap: 1
  m_PreserveUVs: 0
  m_IgnoreNormalsForChartDetection: 0
  m_ImportantGI: 0
  m_MinimumChartSize: 4
  m_AutoUVMaxDistance: 0.5
  m_AutoUVMaxAngle: 89
  m_LightmapParameters: {fileID: 0}
  m_SortingLayerID: 0
  m_SortingOrder: 0
  serializedVersion: 2
  m_Quality: 0
  m_UpdateWhenOffscreen: 0
  m_Mesh: {fileID: 4300004, guid: c564dd34768ef4c8e9bc9780f52c8b74, type: 3}
  m_Bones:
  - {fileID: 424790}
  - {fileID: 479744}
  - {fileID: 412932}
  m_BlendShapeWeights: []
  m_RootBone: {fileID: 412932}
  m_AABB:
    m_Center: {x: 0.0017988607, y: 0.306794, z: 0.10832122}
    m_Extent: {x: 0.08315196, y: 0.121437915, z: 0.12706642}
  m_DirtyAABB: 0
--- !u!195 &19559782
NavMeshAgent:
  m_ObjectHideFlags: 1
  m_PrefabParentObject: {fileID: 0}
  m_PrefabInternal: {fileID: 100100000}
  m_GameObject: {fileID: 102766}
  m_Enabled: 1
  m_Radius: 0.5
  m_Speed: 1
  m_Acceleration: 1
  avoidancePriority: 50
  m_AngularSpeed: 120
  m_StoppingDistance: 0
  m_AutoTraverseOffMeshLink: 1
  m_AutoBraking: 1
  m_AutoRepath: 1
  m_Height: 2
  m_BaseOffset: 0
  m_WalkableMask: 4294967295
  m_ObstacleAvoidanceType: 4
--- !u!222 &22244532
CanvasRenderer:
  m_ObjectHideFlags: 1
  m_PrefabParentObject: {fileID: 0}
  m_PrefabInternal: {fileID: 100100000}
  m_GameObject: {fileID: 175976}
--- !u!224 &22491030
RectTransform:
  m_ObjectHideFlags: 1
  m_PrefabParentObject: {fileID: 0}
  m_PrefabInternal: {fileID: 100100000}
  m_GameObject: {fileID: 175976}
  m_LocalRotation: {x: 0, y: -0.9985216, z: 0, w: -0.054355644}
  m_LocalPosition: {x: 0, y: 0, z: -31.66093}
  m_LocalScale: {x: 0.58177084, y: 0.58177084, z: 0.58177084}
  m_Children: []
  m_Father: {fileID: 402352}
  m_RootOrder: 7
  m_AnchorMin: {x: 0.5, y: 0.5}
  m_AnchorMax: {x: 0.5, y: 0.5}
  m_AnchoredPosition: {x: -537.9173, y: 297.0794}
  m_SizeDelta: {x: 160, y: 30}
  m_Pivot: {x: 0.5, y: 0.5}
--- !u!1001 &100100000
Prefab:
  m_ObjectHideFlags: 1
  serializedVersion: 2
  m_Modification:
    m_TransformParent: {fileID: 0}
    m_Modifications:
    - target: {fileID: 0}
      propertyPath: m_Radius
      value: .5
      objectReference: {fileID: 0}
    - target: {fileID: 0}
      propertyPath: UseColor
      value: 0
      objectReference: {fileID: 0}
    - target: {fileID: 0}
      propertyPath: ragdollPrefab
      value: 
      objectReference: {fileID: 140772, guid: 9a6b36b373ae06c4abe2bbcd4a45bbc8, type: 2}
    - target: {fileID: 0}
      propertyPath: convertToRagdoll
      value: 1
      objectReference: {fileID: 0}
    - target: {fileID: 0}
      propertyPath: m_CollisionDetection
      value: 1
      objectReference: {fileID: 0}
    - target: {fileID: 0}
      propertyPath: m_Material
      value: 
      objectReference: {fileID: 13400000, guid: c2815a7ab32e42c4bb42f59caacb8ec1,
        type: 2}
    - target: {fileID: 0}
      propertyPath: m_Drag
      value: 0
      objectReference: {fileID: 0}
    m_RemovedComponents: []
  m_ParentPrefab: {fileID: 0}
  m_RootGameObject: {fileID: 102766}
  m_IsPrefabParent: 1
