%YAML 1.1
%TAG !u! tag:unity3d.com,2011:
--- !u!1 &100456
GameObject:
  m_ObjectHideFlags: 1
  m_PrefabParentObject: {fileID: 0}
  m_PrefabInternal: {fileID: 100100000}
  serializedVersion: 4
  m_Component:
  - 4: {fileID: 451944}
  m_Layer: 15
  m_Name: bodyCollider
  m_TagString: Untagged
  m_Icon: {fileID: 0}
  m_NavMeshLayer: 0
  m_StaticEditorFlags: 0
  m_IsActive: 1
--- !u!1 &101622
GameObject:
  m_ObjectHideFlags: 1
  m_PrefabParentObject: {fileID: 0}
  m_PrefabInternal: {fileID: 100100000}
  serializedVersion: 4
  m_Component:
  - 4: {fileID: 447916}
  m_Layer: 15
  m_Name: mixamorig:LeftToeBase
  m_TagString: Untagged
  m_Icon: {fileID: 0}
  m_NavMeshLayer: 0
  m_StaticEditorFlags: 0
  m_IsActive: 1
--- !u!1 &103692
GameObject:
  m_ObjectHideFlags: 1
  m_PrefabParentObject: {fileID: 0}
  m_PrefabInternal: {fileID: 100100000}
  serializedVersion: 4
  m_Component:
  - 4: {fileID: 401858}
  m_Layer: 15
  m_Name: mixamorig:RightHandMiddle4
  m_TagString: Untagged
  m_Icon: {fileID: 0}
  m_NavMeshLayer: 0
  m_StaticEditorFlags: 0
  m_IsActive: 1
--- !u!1 &106252
GameObject:
  m_ObjectHideFlags: 1
  m_PrefabParentObject: {fileID: 0}
  m_PrefabInternal: {fileID: 100100000}
  serializedVersion: 4
  m_Component:
  - 4: {fileID: 405110}
  m_Layer: 15
  m_Name: mixamorig:LeftHandRing3
  m_TagString: Untagged
  m_Icon: {fileID: 0}
  m_NavMeshLayer: 0
  m_StaticEditorFlags: 0
  m_IsActive: 1
--- !u!1 &106640
GameObject:
  m_ObjectHideFlags: 1
  m_PrefabParentObject: {fileID: 0}
  m_PrefabInternal: {fileID: 100100000}
  serializedVersion: 4
  m_Component:
  - 4: {fileID: 497896}
  m_Layer: 15
  m_Name: mixamorig:LeftHandIndex1
  m_TagString: Untagged
  m_Icon: {fileID: 0}
  m_NavMeshLayer: 0
  m_StaticEditorFlags: 0
  m_IsActive: 1
--- !u!1 &107854
GameObject:
  m_ObjectHideFlags: 1
  m_PrefabParentObject: {fileID: 0}
  m_PrefabInternal: {fileID: 100100000}
  serializedVersion: 4
  m_Component:
  - 4: {fileID: 462966}
  - 136: {fileID: 13651592}
  - 54: {fileID: 5400236}
  - 144: {fileID: 14477956}
  m_Layer: 15
  m_Name: mixamorig:LeftForeArm
  m_TagString: Untagged
  m_Icon: {fileID: 0}
  m_NavMeshLayer: 0
  m_StaticEditorFlags: 0
  m_IsActive: 1
--- !u!1 &109610
GameObject:
  m_ObjectHideFlags: 1
  m_PrefabParentObject: {fileID: 0}
  m_PrefabInternal: {fileID: 100100000}
  serializedVersion: 4
  m_Component:
  - 4: {fileID: 497488}
  m_Layer: 15
  m_Name: mixamorig:LeftHandMiddle2
  m_TagString: Untagged
  m_Icon: {fileID: 0}
  m_NavMeshLayer: 0
  m_StaticEditorFlags: 0
  m_IsActive: 1
--- !u!1 &110774
GameObject:
  m_ObjectHideFlags: 1
  m_PrefabParentObject: {fileID: 0}
  m_PrefabInternal: {fileID: 100100000}
  serializedVersion: 4
  m_Component:
  - 4: {fileID: 489072}
  m_Layer: 15
  m_Name: mixamorig:Neck
  m_TagString: Untagged
  m_Icon: {fileID: 0}
  m_NavMeshLayer: 0
  m_StaticEditorFlags: 0
  m_IsActive: 1
--- !u!1 &111090
GameObject:
  m_ObjectHideFlags: 1
  m_PrefabParentObject: {fileID: 0}
  m_PrefabInternal: {fileID: 100100000}
  serializedVersion: 4
  m_Component:
  - 4: {fileID: 459722}
  m_Layer: 15
  m_Name: mixamorig:LeftHandPinky3
  m_TagString: Untagged
  m_Icon: {fileID: 0}
  m_NavMeshLayer: 0
  m_StaticEditorFlags: 0
  m_IsActive: 1
--- !u!1 &114994
GameObject:
  m_ObjectHideFlags: 1
  m_PrefabParentObject: {fileID: 0}
  m_PrefabInternal: {fileID: 100100000}
  serializedVersion: 4
  m_Component:
  - 4: {fileID: 413158}
  - 33: {fileID: 3316810}
  - 23: {fileID: 2356792}
  m_Layer: 15
  m_Name: head
  m_TagString: Untagged
  m_Icon: {fileID: 0}
  m_NavMeshLayer: 0
  m_StaticEditorFlags: 0
  m_IsActive: 1
--- !u!1 &115588
GameObject:
  m_ObjectHideFlags: 1
  m_PrefabParentObject: {fileID: 0}
  m_PrefabInternal: {fileID: 100100000}
  serializedVersion: 4
  m_Component:
  - 4: {fileID: 420138}
  - 33: {fileID: 3357032}
  - 23: {fileID: 2336148}
  m_Layer: 15
  m_Name: body
  m_TagString: Untagged
  m_Icon: {fileID: 0}
  m_NavMeshLayer: 0
  m_StaticEditorFlags: 0
  m_IsActive: 1
--- !u!1 &118838
GameObject:
  m_ObjectHideFlags: 1
  m_PrefabParentObject: {fileID: 0}
  m_PrefabInternal: {fileID: 100100000}
  serializedVersion: 4
  m_Component:
  - 4: {fileID: 420446}
  - 135: {fileID: 13576644}
  - 54: {fileID: 5456506}
  - 144: {fileID: 14466000}
  m_Layer: 15
  m_Name: mixamorig:Head
  m_TagString: Untagged
  m_Icon: {fileID: 0}
  m_NavMeshLayer: 0
  m_StaticEditorFlags: 0
  m_IsActive: 1
--- !u!1 &119632
GameObject:
  m_ObjectHideFlags: 1
  m_PrefabParentObject: {fileID: 0}
  m_PrefabInternal: {fileID: 100100000}
  serializedVersion: 4
  m_Component:
  - 4: {fileID: 468562}
  m_Layer: 15
  m_Name: mixamorig:RightHandPinky3
  m_TagString: Untagged
  m_Icon: {fileID: 0}
  m_NavMeshLayer: 0
  m_StaticEditorFlags: 0
  m_IsActive: 1
--- !u!1 &120180
GameObject:
  m_ObjectHideFlags: 1
  m_PrefabParentObject: {fileID: 0}
  m_PrefabInternal: {fileID: 100100000}
  serializedVersion: 4
  m_Component:
  - 4: {fileID: 495546}
  - 65: {fileID: 6576166}
  - 54: {fileID: 5402282}
  - 144: {fileID: 14417008}
  m_Layer: 15
  m_Name: mixamorig:Spine
  m_TagString: Untagged
  m_Icon: {fileID: 0}
  m_NavMeshLayer: 0
  m_StaticEditorFlags: 0
  m_IsActive: 1
--- !u!1 &122864
GameObject:
  m_ObjectHideFlags: 1
  m_PrefabParentObject: {fileID: 0}
  m_PrefabInternal: {fileID: 100100000}
  serializedVersion: 4
  m_Component:
  - 4: {fileID: 498726}
  m_Layer: 15
  m_Name: mixamorig:RightHandRing3
  m_TagString: Untagged
  m_Icon: {fileID: 0}
  m_NavMeshLayer: 0
  m_StaticEditorFlags: 0
  m_IsActive: 1
--- !u!1 &125550
GameObject:
  m_ObjectHideFlags: 1
  m_PrefabParentObject: {fileID: 0}
  m_PrefabInternal: {fileID: 100100000}
  serializedVersion: 4
  m_Component:
  - 4: {fileID: 456074}
  m_Layer: 15
  m_Name: mixamorig:RightHand
  m_TagString: Untagged
  m_Icon: {fileID: 0}
  m_NavMeshLayer: 0
  m_StaticEditorFlags: 0
  m_IsActive: 1
--- !u!1 &126868
GameObject:
  m_ObjectHideFlags: 0
  m_PrefabParentObject: {fileID: 0}
  m_PrefabInternal: {fileID: 100100000}
  serializedVersion: 4
  m_Component:
  - 4: {fileID: 438384}
  - 137: {fileID: 13780704}
  m_Layer: 15
  m_Name: Outfit
  m_TagString: Untagged
  m_Icon: {fileID: 0}
  m_NavMeshLayer: 0
  m_StaticEditorFlags: 0
  m_IsActive: 1
--- !u!1 &127188
GameObject:
  m_ObjectHideFlags: 1
  m_PrefabParentObject: {fileID: 0}
  m_PrefabInternal: {fileID: 100100000}
  serializedVersion: 4
  m_Component:
  - 4: {fileID: 483222}
  m_Layer: 15
  m_Name: mixamorig:LeftHandThumb1
  m_TagString: Untagged
  m_Icon: {fileID: 0}
  m_NavMeshLayer: 0
  m_StaticEditorFlags: 0
  m_IsActive: 1
--- !u!1 &127886
GameObject:
  m_ObjectHideFlags: 0
  m_PrefabParentObject: {fileID: 0}
  m_PrefabInternal: {fileID: 100100000}
  serializedVersion: 4
  m_Component:
  - 4: {fileID: 499374}
  - 114: {fileID: 11490786}
  m_Layer: 15
  m_Name: Walti_ragdoll
  m_TagString: Untagged
  m_Icon: {fileID: 0}
  m_NavMeshLayer: 0
  m_StaticEditorFlags: 0
  m_IsActive: 1
--- !u!1 &128558
GameObject:
  m_ObjectHideFlags: 1
  m_PrefabParentObject: {fileID: 0}
  m_PrefabInternal: {fileID: 100100000}
  serializedVersion: 4
  m_Component:
  - 4: {fileID: 484072}
  - 136: {fileID: 13666270}
  - 54: {fileID: 5441384}
  - 144: {fileID: 14444190}
  m_Layer: 15
  m_Name: mixamorig:RightForeArm
  m_TagString: Untagged
  m_Icon: {fileID: 0}
  m_NavMeshLayer: 0
  m_StaticEditorFlags: 0
  m_IsActive: 1
--- !u!1 &131792
GameObject:
  m_ObjectHideFlags: 1
  m_PrefabParentObject: {fileID: 0}
  m_PrefabInternal: {fileID: 100100000}
  serializedVersion: 4
  m_Component:
  - 4: {fileID: 461014}
  m_Layer: 15
  m_Name: mixamorig:LeftToe_End
  m_TagString: Untagged
  m_Icon: {fileID: 0}
  m_NavMeshLayer: 0
  m_StaticEditorFlags: 0
  m_IsActive: 1
--- !u!1 &131892
GameObject:
  m_ObjectHideFlags: 1
  m_PrefabParentObject: {fileID: 0}
  m_PrefabInternal: {fileID: 100100000}
  serializedVersion: 4
  m_Component:
  - 4: {fileID: 415182}
  - 33: {fileID: 3388566}
  - 65: {fileID: 6553932}
  - 23: {fileID: 2335988}
  m_Layer: 15
  m_Name: rightLeg
  m_TagString: Untagged
  m_Icon: {fileID: 0}
  m_NavMeshLayer: 0
  m_StaticEditorFlags: 0
  m_IsActive: 0
--- !u!1 &132036
GameObject:
  m_ObjectHideFlags: 1
  m_PrefabParentObject: {fileID: 0}
  m_PrefabInternal: {fileID: 100100000}
  serializedVersion: 4
  m_Component:
  - 4: {fileID: 476856}
  m_Layer: 15
  m_Name: mixamorig:LeftHandIndex2
  m_TagString: Untagged
  m_Icon: {fileID: 0}
  m_NavMeshLayer: 0
  m_StaticEditorFlags: 0
  m_IsActive: 1
--- !u!1 &132574
GameObject:
  m_ObjectHideFlags: 1
  m_PrefabParentObject: {fileID: 0}
  m_PrefabInternal: {fileID: 100100000}
  serializedVersion: 4
  m_Component:
  - 4: {fileID: 477846}
  m_Layer: 15
  m_Name: mixamorig:LeftHandThumb4
  m_TagString: Untagged
  m_Icon: {fileID: 0}
  m_NavMeshLayer: 0
  m_StaticEditorFlags: 0
  m_IsActive: 1
--- !u!1 &133092
GameObject:
  m_ObjectHideFlags: 1
  m_PrefabParentObject: {fileID: 0}
  m_PrefabInternal: {fileID: 100100000}
  serializedVersion: 4
  m_Component:
  - 4: {fileID: 455744}
  m_Layer: 15
  m_Name: mixamorig:LeftHandMiddle1
  m_TagString: Untagged
  m_Icon: {fileID: 0}
  m_NavMeshLayer: 0
  m_StaticEditorFlags: 0
  m_IsActive: 1
--- !u!1 &134378
GameObject:
  m_ObjectHideFlags: 1
  m_PrefabParentObject: {fileID: 0}
  m_PrefabInternal: {fileID: 100100000}
  serializedVersion: 4
  m_Component:
  - 4: {fileID: 447974}
  m_Layer: 15
  m_Name: mixamorig:HeadTop_End
  m_TagString: Untagged
  m_Icon: {fileID: 0}
  m_NavMeshLayer: 0
  m_StaticEditorFlags: 0
  m_IsActive: 1
--- !u!1 &135226
GameObject:
  m_ObjectHideFlags: 1
  m_PrefabParentObject: {fileID: 0}
  m_PrefabInternal: {fileID: 100100000}
  serializedVersion: 4
  m_Component:
  - 4: {fileID: 466924}
  - 136: {fileID: 13681720}
  - 54: {fileID: 5410814}
  - 144: {fileID: 14444136}
  m_Layer: 15
  m_Name: mixamorig:LeftLeg
  m_TagString: Untagged
  m_Icon: {fileID: 0}
  m_NavMeshLayer: 0
  m_StaticEditorFlags: 0
  m_IsActive: 1
--- !u!1 &135374
GameObject:
  m_ObjectHideFlags: 1
  m_PrefabParentObject: {fileID: 0}
  m_PrefabInternal: {fileID: 100100000}
  serializedVersion: 4
  m_Component:
  - 4: {fileID: 412098}
  m_Layer: 15
  m_Name: mixamorig:LeftHandPinky4
  m_TagString: Untagged
  m_Icon: {fileID: 0}
  m_NavMeshLayer: 0
  m_StaticEditorFlags: 0
  m_IsActive: 1
--- !u!1 &139808
GameObject:
  m_ObjectHideFlags: 1
  m_PrefabParentObject: {fileID: 0}
  m_PrefabInternal: {fileID: 100100000}
  serializedVersion: 4
  m_Component:
  - 4: {fileID: 498642}
  m_Layer: 15
  m_Name: mixamorig:RightHandRing2
  m_TagString: Untagged
  m_Icon: {fileID: 0}
  m_NavMeshLayer: 0
  m_StaticEditorFlags: 0
  m_IsActive: 1
--- !u!1 &140420
GameObject:
  m_ObjectHideFlags: 1
  m_PrefabParentObject: {fileID: 0}
  m_PrefabInternal: {fileID: 100100000}
  serializedVersion: 4
  m_Component:
  - 4: {fileID: 478454}
  m_Layer: 15
  m_Name: mixamorig:RightHandIndex4
  m_TagString: Untagged
  m_Icon: {fileID: 0}
  m_NavMeshLayer: 0
  m_StaticEditorFlags: 0
  m_IsActive: 1
--- !u!1 &141992
GameObject:
  m_ObjectHideFlags: 0
  m_PrefabParentObject: {fileID: 0}
  m_PrefabInternal: {fileID: 100100000}
  serializedVersion: 4
  m_Component:
  - 4: {fileID: 414722}
  - 65: {fileID: 6572066}
  - 54: {fileID: 5475198}
  m_Layer: 15
  m_Name: mixamorig:Hips
  m_TagString: Untagged
  m_Icon: {fileID: 0}
  m_NavMeshLayer: 0
  m_StaticEditorFlags: 0
  m_IsActive: 1
--- !u!1 &145612
GameObject:
  m_ObjectHideFlags: 1
  m_PrefabParentObject: {fileID: 0}
  m_PrefabInternal: {fileID: 100100000}
  serializedVersion: 4
  m_Component:
  - 4: {fileID: 412332}
  m_Layer: 15
  m_Name: mixamorig:LeftHandThumb3
  m_TagString: Untagged
  m_Icon: {fileID: 0}
  m_NavMeshLayer: 0
  m_StaticEditorFlags: 0
  m_IsActive: 1
--- !u!1 &146142
GameObject:
  m_ObjectHideFlags: 1
  m_PrefabParentObject: {fileID: 0}
  m_PrefabInternal: {fileID: 100100000}
  serializedVersion: 4
  m_Component:
  - 4: {fileID: 466544}
  m_Layer: 15
  m_Name: mixamorig:Spine1
  m_TagString: Untagged
  m_Icon: {fileID: 0}
  m_NavMeshLayer: 0
  m_StaticEditorFlags: 0
  m_IsActive: 1
--- !u!1 &147892
GameObject:
  m_ObjectHideFlags: 1
  m_PrefabParentObject: {fileID: 0}
  m_PrefabInternal: {fileID: 100100000}
  serializedVersion: 4
  m_Component:
  - 4: {fileID: 482016}
  m_Layer: 15
  m_Name: mixamorig:RightHandThumb1
  m_TagString: Untagged
  m_Icon: {fileID: 0}
  m_NavMeshLayer: 0
  m_StaticEditorFlags: 0
  m_IsActive: 1
--- !u!1 &149594
GameObject:
  m_ObjectHideFlags: 1
  m_PrefabParentObject: {fileID: 0}
  m_PrefabInternal: {fileID: 100100000}
  serializedVersion: 4
  m_Component:
  - 4: {fileID: 401068}
  m_Layer: 15
  m_Name: mixamorig:RightHandPinky4
  m_TagString: Untagged
  m_Icon: {fileID: 0}
  m_NavMeshLayer: 0
  m_StaticEditorFlags: 0
  m_IsActive: 1
--- !u!1 &151110
GameObject:
  m_ObjectHideFlags: 1
  m_PrefabParentObject: {fileID: 0}
  m_PrefabInternal: {fileID: 100100000}
  serializedVersion: 4
  m_Component:
  - 4: {fileID: 446064}
  m_Layer: 15
  m_Name: mixamorig:RightToe_End
  m_TagString: Untagged
  m_Icon: {fileID: 0}
  m_NavMeshLayer: 0
  m_StaticEditorFlags: 0
  m_IsActive: 1
--- !u!1 &153310
GameObject:
  m_ObjectHideFlags: 0
  m_PrefabParentObject: {fileID: 0}
  m_PrefabInternal: {fileID: 100100000}
  serializedVersion: 4
  m_Component:
  - 4: {fileID: 495864}
  - 137: {fileID: 13789092}
  m_Layer: 15
  m_Name: Skin
  m_TagString: Untagged
  m_Icon: {fileID: 0}
  m_NavMeshLayer: 0
  m_StaticEditorFlags: 0
  m_IsActive: 1
--- !u!1 &153400
GameObject:
  m_ObjectHideFlags: 1
  m_PrefabParentObject: {fileID: 0}
  m_PrefabInternal: {fileID: 100100000}
  serializedVersion: 4
  m_Component:
  - 4: {fileID: 464144}
  m_Layer: 15
  m_Name: mixamorig:LeftShoulder
  m_TagString: Untagged
  m_Icon: {fileID: 0}
  m_NavMeshLayer: 0
  m_StaticEditorFlags: 0
  m_IsActive: 1
--- !u!1 &153580
GameObject:
  m_ObjectHideFlags: 1
  m_PrefabParentObject: {fileID: 0}
  m_PrefabInternal: {fileID: 100100000}
  serializedVersion: 4
  m_Component:
  - 4: {fileID: 425282}
  m_Layer: 15
  m_Name: mixamorig:RightHandThumb4
  m_TagString: Untagged
  m_Icon: {fileID: 0}
  m_NavMeshLayer: 0
  m_StaticEditorFlags: 0
  m_IsActive: 1
--- !u!1 &154312
GameObject:
  m_ObjectHideFlags: 1
  m_PrefabParentObject: {fileID: 0}
  m_PrefabInternal: {fileID: 100100000}
  serializedVersion: 4
  m_Component:
  - 4: {fileID: 415548}
  m_Layer: 15
  m_Name: mixamorig:RightHandPinky1
  m_TagString: Untagged
  m_Icon: {fileID: 0}
  m_NavMeshLayer: 0
  m_StaticEditorFlags: 0
  m_IsActive: 1
--- !u!1 &154620
GameObject:
  m_ObjectHideFlags: 1
  m_PrefabParentObject: {fileID: 0}
  m_PrefabInternal: {fileID: 100100000}
  serializedVersion: 4
  m_Component:
  - 4: {fileID: 459084}
  - 136: {fileID: 13603822}
  - 54: {fileID: 5483274}
  - 144: {fileID: 14418254}
  m_Layer: 15
  m_Name: mixamorig:LeftUpLeg
  m_TagString: Untagged
  m_Icon: {fileID: 0}
  m_NavMeshLayer: 0
  m_StaticEditorFlags: 0
  m_IsActive: 1
--- !u!1 &154622
GameObject:
  m_ObjectHideFlags: 1
  m_PrefabParentObject: {fileID: 0}
  m_PrefabInternal: {fileID: 100100000}
  serializedVersion: 4
  m_Component:
  - 4: {fileID: 478864}
  - 33: {fileID: 3306932}
  - 23: {fileID: 2348938}
  m_Layer: 15
  m_Name: shoulders
  m_TagString: Untagged
  m_Icon: {fileID: 0}
  m_NavMeshLayer: 0
  m_StaticEditorFlags: 0
  m_IsActive: 1
--- !u!1 &155370
GameObject:
  m_ObjectHideFlags: 1
  m_PrefabParentObject: {fileID: 0}
  m_PrefabInternal: {fileID: 100100000}
  serializedVersion: 4
  m_Component:
  - 4: {fileID: 421478}
  m_Layer: 15
  m_Name: mixamorig:RightHandRing1
  m_TagString: Untagged
  m_Icon: {fileID: 0}
  m_NavMeshLayer: 0
  m_StaticEditorFlags: 0
  m_IsActive: 1
--- !u!1 &155624
GameObject:
  m_ObjectHideFlags: 1
  m_PrefabParentObject: {fileID: 0}
  m_PrefabInternal: {fileID: 100100000}
  serializedVersion: 4
  m_Component:
  - 4: {fileID: 452884}
  m_Layer: 15
  m_Name: mixamorig:RightHandThumb2
  m_TagString: Untagged
  m_Icon: {fileID: 0}
  m_NavMeshLayer: 0
  m_StaticEditorFlags: 0
  m_IsActive: 1
--- !u!1 &156272
GameObject:
  m_ObjectHideFlags: 1
  m_PrefabParentObject: {fileID: 0}
  m_PrefabInternal: {fileID: 100100000}
  serializedVersion: 4
  m_Component:
  - 4: {fileID: 438242}
  - 136: {fileID: 13619894}
  - 54: {fileID: 5433090}
  - 144: {fileID: 14435596}
  m_Layer: 15
  m_Name: mixamorig:RightUpLeg
  m_TagString: Untagged
  m_Icon: {fileID: 0}
  m_NavMeshLayer: 0
  m_StaticEditorFlags: 0
  m_IsActive: 1
--- !u!1 &157806
GameObject:
  m_ObjectHideFlags: 1
  m_PrefabParentObject: {fileID: 0}
  m_PrefabInternal: {fileID: 100100000}
  serializedVersion: 4
  m_Component:
  - 4: {fileID: 485564}
  m_Layer: 15
  m_Name: mixamorig:RightHandThumb3
  m_TagString: Untagged
  m_Icon: {fileID: 0}
  m_NavMeshLayer: 0
  m_StaticEditorFlags: 0
  m_IsActive: 1
--- !u!1 &158676
GameObject:
  m_ObjectHideFlags: 1
  m_PrefabParentObject: {fileID: 0}
  m_PrefabInternal: {fileID: 100100000}
  serializedVersion: 4
  m_Component:
  - 4: {fileID: 433064}
  m_Layer: 15
  m_Name: mixamorig:RightFoot
  m_TagString: Untagged
  m_Icon: {fileID: 0}
  m_NavMeshLayer: 0
  m_StaticEditorFlags: 0
  m_IsActive: 1
--- !u!1 &160352
GameObject:
  m_ObjectHideFlags: 1
  m_PrefabParentObject: {fileID: 0}
  m_PrefabInternal: {fileID: 100100000}
  serializedVersion: 4
  m_Component:
  - 4: {fileID: 444330}
  - 136: {fileID: 13681520}
  - 54: {fileID: 5438574}
  - 144: {fileID: 14404482}
  m_Layer: 15
  m_Name: mixamorig:LeftArm
  m_TagString: Untagged
  m_Icon: {fileID: 0}
  m_NavMeshLayer: 0
  m_StaticEditorFlags: 0
  m_IsActive: 1
--- !u!1 &161222
GameObject:
  m_ObjectHideFlags: 1
  m_PrefabParentObject: {fileID: 0}
  m_PrefabInternal: {fileID: 100100000}
  serializedVersion: 4
  m_Component:
  - 4: {fileID: 478426}
  m_Layer: 15
  m_Name: mixamorig:LeftHandIndex4
  m_TagString: Untagged
  m_Icon: {fileID: 0}
  m_NavMeshLayer: 0
  m_StaticEditorFlags: 0
  m_IsActive: 1
--- !u!1 &161702
GameObject:
  m_ObjectHideFlags: 1
  m_PrefabParentObject: {fileID: 0}
  m_PrefabInternal: {fileID: 100100000}
  serializedVersion: 4
  m_Component:
  - 4: {fileID: 407206}
  m_Layer: 15
  m_Name: mixamorig:LeftHandMiddle3
  m_TagString: Untagged
  m_Icon: {fileID: 0}
  m_NavMeshLayer: 0
  m_StaticEditorFlags: 0
  m_IsActive: 1
--- !u!1 &161908
GameObject:
  m_ObjectHideFlags: 1
  m_PrefabParentObject: {fileID: 0}
  m_PrefabInternal: {fileID: 100100000}
  serializedVersion: 4
  m_Component:
  - 4: {fileID: 475292}
  m_Layer: 15
  m_Name: mixamorig:LeftHandPinky1
  m_TagString: Untagged
  m_Icon: {fileID: 0}
  m_NavMeshLayer: 0
  m_StaticEditorFlags: 0
  m_IsActive: 1
--- !u!1 &164300
GameObject:
  m_ObjectHideFlags: 1
  m_PrefabParentObject: {fileID: 0}
  m_PrefabInternal: {fileID: 100100000}
  serializedVersion: 4
  m_Component:
  - 4: {fileID: 469640}
  m_Layer: 15
  m_Name: mixamorig:RightToeBase
  m_TagString: Untagged
  m_Icon: {fileID: 0}
  m_NavMeshLayer: 0
  m_StaticEditorFlags: 0
  m_IsActive: 1
--- !u!1 &166856
GameObject:
  m_ObjectHideFlags: 1
  m_PrefabParentObject: {fileID: 0}
  m_PrefabInternal: {fileID: 100100000}
  serializedVersion: 4
  m_Component:
  - 4: {fileID: 426726}
  m_Layer: 15
  m_Name: mixamorig:RightHandRing4
  m_TagString: Untagged
  m_Icon: {fileID: 0}
  m_NavMeshLayer: 0
  m_StaticEditorFlags: 0
  m_IsActive: 1
--- !u!1 &167844
GameObject:
  m_ObjectHideFlags: 1
  m_PrefabParentObject: {fileID: 0}
  m_PrefabInternal: {fileID: 100100000}
  serializedVersion: 4
  m_Component:
  - 4: {fileID: 485638}
  - 33: {fileID: 3341156}
  - 65: {fileID: 6564436}
  - 23: {fileID: 2368366}
  m_Layer: 15
  m_Name: leftLeg
  m_TagString: Untagged
  m_Icon: {fileID: 0}
  m_NavMeshLayer: 0
  m_StaticEditorFlags: 0
  m_IsActive: 0
--- !u!1 &170746
GameObject:
  m_ObjectHideFlags: 1
  m_PrefabParentObject: {fileID: 0}
  m_PrefabInternal: {fileID: 100100000}
  serializedVersion: 4
  m_Component:
  - 4: {fileID: 468850}
  m_Layer: 15
  m_Name: mixamorig:RightHandIndex1
  m_TagString: Untagged
  m_Icon: {fileID: 0}
  m_NavMeshLayer: 0
  m_StaticEditorFlags: 0
  m_IsActive: 1
--- !u!1 &171558
GameObject:
  m_ObjectHideFlags: 1
  m_PrefabParentObject: {fileID: 0}
  m_PrefabInternal: {fileID: 100100000}
  serializedVersion: 4
  m_Component:
  - 4: {fileID: 481740}
  - 136: {fileID: 13611204}
  - 54: {fileID: 5431694}
  - 144: {fileID: 14433310}
  m_Layer: 15
  m_Name: mixamorig:RightArm
  m_TagString: Untagged
  m_Icon: {fileID: 0}
  m_NavMeshLayer: 0
  m_StaticEditorFlags: 0
  m_IsActive: 1
--- !u!1 &172794
GameObject:
  m_ObjectHideFlags: 1
  m_PrefabParentObject: {fileID: 0}
  m_PrefabInternal: {fileID: 100100000}
  serializedVersion: 4
  m_Component:
  - 4: {fileID: 468170}
  m_Layer: 15
  m_Name: mixamorig:RightHandMiddle1
  m_TagString: Untagged
  m_Icon: {fileID: 0}
  m_NavMeshLayer: 0
  m_StaticEditorFlags: 0
  m_IsActive: 1
--- !u!1 &174334
GameObject:
  m_ObjectHideFlags: 1
  m_PrefabParentObject: {fileID: 0}
  m_PrefabInternal: {fileID: 100100000}
  serializedVersion: 4
  m_Component:
  - 4: {fileID: 439952}
  m_Layer: 15
  m_Name: mixamorig:RightHandMiddle2
  m_TagString: Untagged
  m_Icon: {fileID: 0}
  m_NavMeshLayer: 0
  m_StaticEditorFlags: 0
  m_IsActive: 1
--- !u!1 &174658
GameObject:
  m_ObjectHideFlags: 1
  m_PrefabParentObject: {fileID: 0}
  m_PrefabInternal: {fileID: 100100000}
  serializedVersion: 4
  m_Component:
  - 4: {fileID: 409554}
  m_Layer: 15
  m_Name: mixamorig:LeftFoot
  m_TagString: Untagged
  m_Icon: {fileID: 0}
  m_NavMeshLayer: 0
  m_StaticEditorFlags: 0
  m_IsActive: 1
--- !u!1 &174744
GameObject:
  m_ObjectHideFlags: 1
  m_PrefabParentObject: {fileID: 0}
  m_PrefabInternal: {fileID: 100100000}
  serializedVersion: 4
  m_Component:
  - 4: {fileID: 446634}
  - 136: {fileID: 13630038}
  - 54: {fileID: 5401550}
  - 144: {fileID: 14433516}
  m_Layer: 15
  m_Name: mixamorig:RightLeg
  m_TagString: Untagged
  m_Icon: {fileID: 0}
  m_NavMeshLayer: 0
  m_StaticEditorFlags: 0
  m_IsActive: 1
--- !u!1 &174992
GameObject:
  m_ObjectHideFlags: 1
  m_PrefabParentObject: {fileID: 0}
  m_PrefabInternal: {fileID: 100100000}
  serializedVersion: 4
  m_Component:
  - 4: {fileID: 411272}
  m_Layer: 15
  m_Name: mixamorig:LeftHandThumb2
  m_TagString: Untagged
  m_Icon: {fileID: 0}
  m_NavMeshLayer: 0
  m_StaticEditorFlags: 0
  m_IsActive: 1
--- !u!1 &175084
GameObject:
  m_ObjectHideFlags: 1
  m_PrefabParentObject: {fileID: 0}
  m_PrefabInternal: {fileID: 100100000}
  serializedVersion: 4
  m_Component:
  - 4: {fileID: 407550}
  m_Layer: 15
  m_Name: mixamorig:RightHandPinky2
  m_TagString: Untagged
  m_Icon: {fileID: 0}
  m_NavMeshLayer: 0
  m_StaticEditorFlags: 0
  m_IsActive: 1
--- !u!1 &177640
GameObject:
  m_ObjectHideFlags: 1
  m_PrefabParentObject: {fileID: 0}
  m_PrefabInternal: {fileID: 100100000}
  serializedVersion: 4
  m_Component:
  - 4: {fileID: 454196}
  m_Layer: 15
  m_Name: mixamorig:RightShoulder
  m_TagString: Untagged
  m_Icon: {fileID: 0}
  m_NavMeshLayer: 0
  m_StaticEditorFlags: 0
  m_IsActive: 1
--- !u!1 &178368
GameObject:
  m_ObjectHideFlags: 1
  m_PrefabParentObject: {fileID: 0}
  m_PrefabInternal: {fileID: 100100000}
  serializedVersion: 4
  m_Component:
  - 4: {fileID: 406996}
  m_Layer: 15
  m_Name: mixamorig:RightHandIndex2
  m_TagString: Untagged
  m_Icon: {fileID: 0}
  m_NavMeshLayer: 0
  m_StaticEditorFlags: 0
  m_IsActive: 1
--- !u!1 &179610
GameObject:
  m_ObjectHideFlags: 1
  m_PrefabParentObject: {fileID: 0}
  m_PrefabInternal: {fileID: 100100000}
  serializedVersion: 4
  m_Component:
  - 4: {fileID: 433062}
  m_Layer: 15
  m_Name: mixamorig:LeftHandIndex3
  m_TagString: Untagged
  m_Icon: {fileID: 0}
  m_NavMeshLayer: 0
  m_StaticEditorFlags: 0
  m_IsActive: 1
--- !u!1 &180368
GameObject:
  m_ObjectHideFlags: 1
  m_PrefabParentObject: {fileID: 0}
  m_PrefabInternal: {fileID: 100100000}
  serializedVersion: 4
  m_Component:
  - 4: {fileID: 474248}
  m_Layer: 15
  m_Name: mixamorig:LeftHandRing2
  m_TagString: Untagged
  m_Icon: {fileID: 0}
  m_NavMeshLayer: 0
  m_StaticEditorFlags: 0
  m_IsActive: 1
--- !u!1 &181310
GameObject:
  m_ObjectHideFlags: 1
  m_PrefabParentObject: {fileID: 0}
  m_PrefabInternal: {fileID: 100100000}
  serializedVersion: 4
  m_Component:
  - 4: {fileID: 474388}
  m_Layer: 15
  m_Name: mixamorig:Spine2
  m_TagString: Untagged
  m_Icon: {fileID: 0}
  m_NavMeshLayer: 0
  m_StaticEditorFlags: 0
  m_IsActive: 1
--- !u!1 &181732
GameObject:
  m_ObjectHideFlags: 1
  m_PrefabParentObject: {fileID: 0}
  m_PrefabInternal: {fileID: 100100000}
  serializedVersion: 4
  m_Component:
  - 4: {fileID: 492166}
  m_Layer: 15
  m_Name: mixamorig:RightHandMiddle3
  m_TagString: Untagged
  m_Icon: {fileID: 0}
  m_NavMeshLayer: 0
  m_StaticEditorFlags: 0
  m_IsActive: 1
--- !u!1 &182200
GameObject:
  m_ObjectHideFlags: 1
  m_PrefabParentObject: {fileID: 0}
  m_PrefabInternal: {fileID: 100100000}
  serializedVersion: 4
  m_Component:
  - 4: {fileID: 470958}
  m_Layer: 15
  m_Name: mixamorig:LeftHand
  m_TagString: Untagged
  m_Icon: {fileID: 0}
  m_NavMeshLayer: 0
  m_StaticEditorFlags: 0
  m_IsActive: 1
--- !u!1 &186610
GameObject:
  m_ObjectHideFlags: 1
  m_PrefabParentObject: {fileID: 0}
  m_PrefabInternal: {fileID: 100100000}
  serializedVersion: 4
  m_Component:
  - 4: {fileID: 490328}
  m_Layer: 15
  m_Name: mixamorig:LeftHandRing1
  m_TagString: Untagged
  m_Icon: {fileID: 0}
  m_NavMeshLayer: 0
  m_StaticEditorFlags: 0
  m_IsActive: 1
--- !u!1 &187026
GameObject:
  m_ObjectHideFlags: 1
  m_PrefabParentObject: {fileID: 0}
  m_PrefabInternal: {fileID: 100100000}
  serializedVersion: 4
  m_Component:
  - 4: {fileID: 419846}
  m_Layer: 15
  m_Name: mixamorig:LeftHandRing4
  m_TagString: Untagged
  m_Icon: {fileID: 0}
  m_NavMeshLayer: 0
  m_StaticEditorFlags: 0
  m_IsActive: 1
--- !u!1 &196712
GameObject:
  m_ObjectHideFlags: 1
  m_PrefabParentObject: {fileID: 0}
  m_PrefabInternal: {fileID: 100100000}
  serializedVersion: 4
  m_Component:
  - 4: {fileID: 471428}
  m_Layer: 15
  m_Name: mixamorig:RightHandIndex3
  m_TagString: Untagged
  m_Icon: {fileID: 0}
  m_NavMeshLayer: 0
  m_StaticEditorFlags: 0
  m_IsActive: 1
--- !u!1 &198724
GameObject:
  m_ObjectHideFlags: 1
  m_PrefabParentObject: {fileID: 0}
  m_PrefabInternal: {fileID: 100100000}
  serializedVersion: 4
  m_Component:
  - 4: {fileID: 471960}
  m_Layer: 15
  m_Name: mixamorig:LeftHandMiddle4
  m_TagString: Untagged
  m_Icon: {fileID: 0}
  m_NavMeshLayer: 0
  m_StaticEditorFlags: 0
  m_IsActive: 1
--- !u!1 &199012
GameObject:
  m_ObjectHideFlags: 1
  m_PrefabParentObject: {fileID: 0}
  m_PrefabInternal: {fileID: 100100000}
  serializedVersion: 4
  m_Component:
  - 4: {fileID: 487538}
  m_Layer: 15
  m_Name: mixamorig:LeftHandPinky2
  m_TagString: Untagged
  m_Icon: {fileID: 0}
  m_NavMeshLayer: 0
  m_StaticEditorFlags: 0
  m_IsActive: 1
--- !u!4 &401068
Transform:
  m_ObjectHideFlags: 1
  m_PrefabParentObject: {fileID: 0}
  m_PrefabInternal: {fileID: 100100000}
  m_GameObject: {fileID: 149594}
  m_LocalRotation: {x: 0, y: 0, z: 0, w: 1}
  m_LocalPosition: {x: 9.5684285e-05, y: .0207434557, z: 3.02239012e-10}
  m_LocalScale: {x: 1, y: 1, z: 1}
  m_Children: []
  m_Father: {fileID: 468562}
  m_RootOrder: 0
--- !u!4 &401858
Transform:
  m_ObjectHideFlags: 1
  m_PrefabParentObject: {fileID: 0}
  m_PrefabInternal: {fileID: 100100000}
  m_GameObject: {fileID: 103692}
  m_LocalRotation: {x: 0, y: 0, z: 0, w: 1}
  m_LocalPosition: {x: -2.45175033e-05, y: .0276625752, z: 1.22540966e-09}
  m_LocalScale: {x: 1, y: 1, z: 1}
  m_Children: []
  m_Father: {fileID: 492166}
  m_RootOrder: 0
--- !u!4 &405110
Transform:
  m_ObjectHideFlags: 1
  m_PrefabParentObject: {fileID: 0}
  m_PrefabInternal: {fileID: 100100000}
  m_GameObject: {fileID: 106252}
  m_LocalRotation: {x: .0169421844, y: -1.64122884e-08, z: -8.91419063e-08, w: .999856472}
  m_LocalPosition: {x: -3.7383852e-05, y: .029421391, z: -2.95126201e-10}
  m_LocalScale: {x: 1, y: 1, z: 1}
  m_Children:
  - {fileID: 419846}
  m_Father: {fileID: 474248}
  m_RootOrder: 0
--- !u!4 &406996
Transform:
  m_ObjectHideFlags: 1
  m_PrefabParentObject: {fileID: 0}
  m_PrefabInternal: {fileID: 100100000}
  m_GameObject: {fileID: 178368}
  m_LocalRotation: {x: 1.07637753e-07, y: .00010346849, z: -.00371027319, w: .999993145}
  m_LocalPosition: {x: .000161095129, y: .0315477476, z: -8.55857496e-10}
  m_LocalScale: {x: 1, y: 1, z: 1}
  m_Children:
  - {fileID: 471428}
  m_Father: {fileID: 468850}
  m_RootOrder: 0
--- !u!4 &407206
Transform:
  m_ObjectHideFlags: 1
  m_PrefabParentObject: {fileID: 0}
  m_PrefabInternal: {fileID: 100100000}
  m_GameObject: {fileID: 161702}
  m_LocalRotation: {x: 2.71921834e-07, y: -3.21192747e-05, z: -.000612452684, w: .999999821}
  m_LocalPosition: {x: 4.02110672e-05, y: .0317297466, z: -1.78018578e-09}
  m_LocalScale: {x: 1, y: 1, z: 1}
  m_Children:
  - {fileID: 471960}
  m_Father: {fileID: 497488}
  m_RootOrder: 0
--- !u!4 &407550
Transform:
  m_ObjectHideFlags: 1
  m_PrefabParentObject: {fileID: 0}
  m_PrefabInternal: {fileID: 100100000}
  m_GameObject: {fileID: 175084}
  m_LocalRotation: {x: 1.96465351e-07, y: -.000111407702, z: .00426075235, w: .99999094}
  m_LocalPosition: {x: -.000162163691, y: .0284258183, z: -2.17411489e-09}
  m_LocalScale: {x: 1, y: 1, z: 1}
  m_Children:
  - {fileID: 468562}
  m_Father: {fileID: 415548}
  m_RootOrder: 0
--- !u!4 &409554
Transform:
  m_ObjectHideFlags: 1
  m_PrefabParentObject: {fileID: 0}
  m_PrefabInternal: {fileID: 100100000}
  m_GameObject: {fileID: 174658}
  m_LocalRotation: {x: .521554291, y: -.0102287494, z: -.0553040467, w: .851362467}
  m_LocalPosition: {x: -5.01373654e-09, y: .447723836, z: 9.23717902e-09}
  m_LocalScale: {x: 1, y: 1, z: 1}
  m_Children:
  - {fileID: 447916}
  m_Father: {fileID: 466924}
  m_RootOrder: 0
--- !u!4 &411272
Transform:
  m_ObjectHideFlags: 1
  m_PrefabParentObject: {fileID: 0}
  m_PrefabInternal: {fileID: 100100000}
  m_GameObject: {fileID: 174992}
  m_LocalRotation: {x: 4.07004591e-05, y: -.00254786643, z: .0812506005, w: .996690452}
  m_LocalPosition: {x: -.00359840598, y: .0369330496, z: -9.22477983e-10}
  m_LocalScale: {x: 1, y: 1, z: 1}
  m_Children:
  - {fileID: 412332}
  m_Father: {fileID: 483222}
  m_RootOrder: 0
--- !u!4 &412098
Transform:
  m_ObjectHideFlags: 1
  m_PrefabParentObject: {fileID: 0}
  m_PrefabInternal: {fileID: 100100000}
  m_GameObject: {fileID: 135374}
  m_LocalRotation: {x: 0, y: 0, z: 0, w: 1}
  m_LocalPosition: {x: 2.27541841e-05, y: .0197434798, z: -4.1033274e-11}
  m_LocalScale: {x: 1, y: 1, z: 1}
  m_Children: []
  m_Father: {fileID: 459722}
  m_RootOrder: 0
--- !u!4 &412332
Transform:
  m_ObjectHideFlags: 1
  m_PrefabParentObject: {fileID: 0}
  m_PrefabInternal: {fileID: 100100000}
  m_GameObject: {fileID: 145612}
  m_LocalRotation: {x: -.000131127526, y: -.00281974184, z: -.0191543065, w: .999812543}
  m_LocalPosition: {x: .00257982011, y: .0392932966, z: -7.35620898e-10}
  m_LocalScale: {x: 1, y: 1, z: 1}
  m_Children:
  - {fileID: 477846}
  m_Father: {fileID: 411272}
  m_RootOrder: 0
--- !u!4 &413158
Transform:
  m_ObjectHideFlags: 1
  m_PrefabParentObject: {fileID: 0}
  m_PrefabInternal: {fileID: 100100000}
  m_GameObject: {fileID: 114994}
  m_LocalRotation: {x: 8.41824658e-07, y: -4.56917178e-07, z: -.710120678, w: .704080045}
  m_LocalPosition: {x: .00497276848, y: .0477704927, z: .0422861911}
  m_LocalScale: {x: .348448932, y: .168605357, z: .163239494}
  m_Children: []
  m_Father: {fileID: 420446}
  m_RootOrder: 1
--- !u!4 &414722
Transform:
  m_ObjectHideFlags: 1
  m_PrefabParentObject: {fileID: 0}
  m_PrefabInternal: {fileID: 100100000}
  m_GameObject: {fileID: 141992}
  m_LocalRotation: {x: 0, y: 0, z: 0, w: 1}
  m_LocalPosition: {x: -.00196947739, y: 1.00839043, z: .0317618474}
  m_LocalScale: {x: 1, y: 1, z: 1}
  m_Children:
  - {fileID: 459084}
  - {fileID: 438242}
  - {fileID: 495546}
  - {fileID: 451944}
  m_Father: {fileID: 499374}
  m_RootOrder: 0
--- !u!4 &415182
Transform:
  m_ObjectHideFlags: 1
  m_PrefabParentObject: {fileID: 0}
  m_PrefabInternal: {fileID: 100100000}
  m_GameObject: {fileID: 131892}
  m_LocalRotation: {x: 0, y: 0, z: 0, w: 1}
  m_LocalPosition: {x: .0970000029, y: .552999973, z: .0540000014}
  m_LocalScale: {x: .13477084, y: .679104269, z: .153496131}
  m_Children: []
  m_Father: {fileID: 451944}
  m_RootOrder: 1
--- !u!4 &415548
Transform:
  m_ObjectHideFlags: 1
  m_PrefabParentObject: {fileID: 0}
  m_PrefabInternal: {fileID: 100100000}
  m_GameObject: {fileID: 154312}
  m_LocalRotation: {x: -.00948475022, y: -.0175760742, z: .0467780642, w: .998705626}
  m_LocalPosition: {x: .0376798064, y: .119727083, z: -.000745005673}
  m_LocalScale: {x: 1, y: 1, z: 1}
  m_Children:
  - {fileID: 407550}
  m_Father: {fileID: 456074}
  m_RootOrder: 2
--- !u!4 &419846
Transform:
  m_ObjectHideFlags: 1
  m_PrefabParentObject: {fileID: 0}
  m_PrefabInternal: {fileID: 100100000}
  m_GameObject: {fileID: 187026}
  m_LocalRotation: {x: 0, y: 0, z: 0, w: 1}
  m_LocalPosition: {x: -4.8183123e-05, y: .0260339826, z: 1.13694199e-09}
  m_LocalScale: {x: 1, y: 1, z: 1}
  m_Children: []
  m_Father: {fileID: 405110}
  m_RootOrder: 0
--- !u!4 &420138
Transform:
  m_ObjectHideFlags: 1
  m_PrefabParentObject: {fileID: 0}
  m_PrefabInternal: {fileID: 100100000}
  m_GameObject: {fileID: 115588}
  m_LocalRotation: {x: 0, y: 0, z: 0, w: 1}
  m_LocalPosition: {x: 0, y: .875999987, z: 0}
  m_LocalScale: {x: .413774163, y: .461318463, z: .257114232}
  m_Children: []
  m_Father: {fileID: 451944}
  m_RootOrder: 0
--- !u!4 &420446
Transform:
  m_ObjectHideFlags: 1
  m_PrefabParentObject: {fileID: 0}
  m_PrefabInternal: {fileID: 100100000}
  m_GameObject: {fileID: 118838}
  m_LocalRotation: {x: 0, y: 0, z: 0, w: 1}
  m_LocalPosition: {x: -0, y: .0756748915, z: .0147574469}
  m_LocalScale: {x: 1, y: 1, z: 1}
  m_Children:
  - {fileID: 447974}
  - {fileID: 413158}
  m_Father: {fileID: 489072}
  m_RootOrder: 0
--- !u!4 &421478
Transform:
  m_ObjectHideFlags: 1
  m_PrefabParentObject: {fileID: 0}
  m_PrefabInternal: {fileID: 100100000}
  m_GameObject: {fileID: 155370}
  m_LocalRotation: {x: -.00986935478, y: -.0106835337, z: .0489679649, w: .99869442}
  m_LocalPosition: {x: .0164508335, y: .132782146, z: -.00337678683}
  m_LocalScale: {x: 1, y: 1, z: 1}
  m_Children:
  - {fileID: 498642}
  m_Father: {fileID: 456074}
  m_RootOrder: 3
--- !u!4 &425282
Transform:
  m_ObjectHideFlags: 1
  m_PrefabParentObject: {fileID: 0}
  m_PrefabInternal: {fileID: 100100000}
  m_GameObject: {fileID: 153580}
  m_LocalRotation: {x: 0, y: 0, z: 0, w: 1}
  m_LocalPosition: {x: -.00149757578, y: .0327122323, z: -8.77833473e-10}
  m_LocalScale: {x: 1, y: 1, z: 1}
  m_Children: []
  m_Father: {fileID: 485564}
  m_RootOrder: 0
--- !u!4 &426726
Transform:
  m_ObjectHideFlags: 1
  m_PrefabParentObject: {fileID: 0}
  m_PrefabInternal: {fileID: 100100000}
  m_GameObject: {fileID: 166856}
  m_LocalRotation: {x: 0, y: 0, z: 0, w: 1}
  m_LocalPosition: {x: 2.70387009e-05, y: .02533051, z: 4.30250668e-10}
  m_LocalScale: {x: 1, y: 1, z: 1}
  m_Children: []
  m_Father: {fileID: 498726}
  m_RootOrder: 0
--- !u!4 &433062
Transform:
  m_ObjectHideFlags: 1
  m_PrefabParentObject: {fileID: 0}
  m_PrefabInternal: {fileID: 100100000}
  m_GameObject: {fileID: 179610}
  m_LocalRotation: {x: 7.42267673e-07, y: .000150967811, z: .00238068262, w: .999997199}
  m_LocalPosition: {x: 2.94801011e-05, y: .030731393, z: 8.19611046e-11}
  m_LocalScale: {x: 1, y: 1, z: 1}
  m_Children:
  - {fileID: 478426}
  m_Father: {fileID: 476856}
  m_RootOrder: 0
--- !u!4 &433064
Transform:
  m_ObjectHideFlags: 1
  m_PrefabParentObject: {fileID: 0}
  m_PrefabInternal: {fileID: 100100000}
  m_GameObject: {fileID: 158676}
  m_LocalRotation: {x: .528199255, y: .0115383817, z: .0548623279, w: .847267687}
  m_LocalPosition: {x: -1.09747567e-09, y: .448270321, z: 2.33985209e-09}
  m_LocalScale: {x: 1, y: 1, z: 1}
  m_Children:
  - {fileID: 469640}
  m_Father: {fileID: 446634}
  m_RootOrder: 0
--- !u!4 &438242
Transform:
  m_ObjectHideFlags: 1
  m_PrefabParentObject: {fileID: 0}
  m_PrefabInternal: {fileID: 100100000}
  m_GameObject: {fileID: 156272}
  m_LocalRotation: {x: .00238459208, y: .0383669175, z: .998954713, w: .0247338247}
  m_LocalPosition: {x: .108763374, y: -.0532617159, z: .0137877204}
  m_LocalScale: {x: 1, y: 1, z: 1}
  m_Children:
  - {fileID: 446634}
  m_Father: {fileID: 414722}
  m_RootOrder: 1
--- !u!4 &438384
Transform:
  m_ObjectHideFlags: 1
  m_PrefabParentObject: {fileID: 0}
  m_PrefabInternal: {fileID: 100100000}
  m_GameObject: {fileID: 126868}
  m_LocalRotation: {x: 0, y: 0, z: 0, w: 1}
  m_LocalPosition: {x: 0, y: 0, z: 0}
  m_LocalScale: {x: .0100424998, y: .0100424998, z: .0100424998}
  m_Children: []
  m_Father: {fileID: 499374}
  m_RootOrder: 1
--- !u!4 &439952
Transform:
  m_ObjectHideFlags: 1
  m_PrefabParentObject: {fileID: 0}
  m_PrefabInternal: {fileID: 100100000}
  m_GameObject: {fileID: 174334}
  m_LocalRotation: {x: 3.98149638e-07, y: 3.77250435e-05, z: -.00129242253, w: .999999166}
  m_LocalPosition: {x: 5.50551595e-05, y: .0342071094, z: 1.24409005e-09}
  m_LocalScale: {x: 1, y: 1, z: 1}
  m_Children:
  - {fileID: 492166}
  m_Father: {fileID: 468170}
  m_RootOrder: 0
--- !u!4 &444330
Transform:
  m_ObjectHideFlags: 1
  m_PrefabParentObject: {fileID: 0}
  m_PrefabInternal: {fileID: 100100000}
  m_GameObject: {fileID: 160352}
  m_LocalRotation: {x: -.144206583, y: -.00348482514, z: -.0203084499, w: .989333093}
  m_LocalPosition: {x: 3.90195959e-10, y: .163984656, z: -2.5604352e-09}
  m_LocalScale: {x: 1, y: 1, z: 1}
  m_Children:
  - {fileID: 462966}
  m_Father: {fileID: 464144}
  m_RootOrder: 0
--- !u!4 &446064
Transform:
  m_ObjectHideFlags: 1
  m_PrefabParentObject: {fileID: 0}
  m_PrefabInternal: {fileID: 100100000}
  m_GameObject: {fileID: 151110}
  m_LocalRotation: {x: 0, y: 0, z: 0, w: 1}
  m_LocalPosition: {x: -3.75527914e-10, y: .0708568096, z: 9.13628548e-13}
  m_LocalScale: {x: 1, y: 1, z: 1}
  m_Children: []
  m_Father: {fileID: 469640}
  m_RootOrder: 0
--- !u!4 &446634
Transform:
  m_ObjectHideFlags: 1
  m_PrefabParentObject: {fileID: 0}
  m_PrefabInternal: {fileID: 100100000}
  m_GameObject: {fileID: 174744}
  m_LocalRotation: {x: -.103135705, y: -.00644864934, z: .0489718877, w: .993440092}
  m_LocalPosition: {x: 5.54255114e-11, y: .427197993, z: -7.4104424e-11}
  m_LocalScale: {x: 1, y: 1, z: 1}
  m_Children:
  - {fileID: 433064}
  m_Father: {fileID: 438242}
  m_RootOrder: 0
--- !u!4 &447916
Transform:
  m_ObjectHideFlags: 1
  m_PrefabParentObject: {fileID: 0}
  m_PrefabInternal: {fileID: 100100000}
  m_GameObject: {fileID: 101622}
  m_LocalRotation: {x: .286861509, y: .0921057537, z: -.0277208537, w: .953130901}
  m_LocalPosition: {x: -6.49199583e-10, y: .163895771, z: -3.57986152e-09}
  m_LocalScale: {x: 1, y: 1, z: 1}
  m_Children:
  - {fileID: 461014}
  m_Father: {fileID: 409554}
  m_RootOrder: 0
--- !u!4 &447974
Transform:
  m_ObjectHideFlags: 1
  m_PrefabParentObject: {fileID: 0}
  m_PrefabInternal: {fileID: 100100000}
  m_GameObject: {fileID: 134378}
  m_LocalRotation: {x: 0, y: 0, z: 0, w: 1}
  m_LocalPosition: {x: -0, y: .230131522, z: .0448782146}
  m_LocalScale: {x: 1, y: 1, z: 1}
  m_Children: []
  m_Father: {fileID: 420446}
  m_RootOrder: 0
--- !u!4 &451944
Transform:
  m_ObjectHideFlags: 1
  m_PrefabParentObject: {fileID: 0}
  m_PrefabInternal: {fileID: 100100000}
  m_GameObject: {fileID: 100456}
  m_LocalRotation: {x: 0, y: 0, z: 0, w: 1}
  m_LocalPosition: {x: -.00100000005, y: -.808390439, z: -.00899999961}
  m_LocalScale: {x: 1, y: 1, z: 1}
  m_Children:
  - {fileID: 420138}
  - {fileID: 415182}
  - {fileID: 485638}
  m_Father: {fileID: 414722}
  m_RootOrder: 3
--- !u!4 &452884
Transform:
  m_ObjectHideFlags: 1
  m_PrefabParentObject: {fileID: 0}
  m_PrefabInternal: {fileID: 100100000}
  m_GameObject: {fileID: 155624}
  m_LocalRotation: {x: 4.77078647e-05, y: .00268212962, z: -.0257542338, w: .999664724}
  m_LocalPosition: {x: .00180885196, y: .0415983871, z: 1.60064018e-09}
  m_LocalScale: {x: 1, y: 1, z: 1}
  m_Children:
  - {fileID: 485564}
  m_Father: {fileID: 482016}
  m_RootOrder: 0
--- !u!4 &454196
Transform:
  m_ObjectHideFlags: 1
  m_PrefabParentObject: {fileID: 0}
  m_PrefabInternal: {fileID: 100100000}
  m_GameObject: {fileID: 177640}
  m_LocalRotation: {x: -.553453088, y: -.432291329, z: .579729974, w: -.413191259}
  m_LocalPosition: {x: .0770871788, y: .122101143, z: -.00361399679}
  m_LocalScale: {x: 1, y: 1, z: 1}
  m_Children:
  - {fileID: 481740}
  m_Father: {fileID: 474388}
  m_RootOrder: 2
--- !u!4 &455744
Transform:
  m_ObjectHideFlags: 1
  m_PrefabParentObject: {fileID: 0}
  m_PrefabInternal: {fileID: 100100000}
  m_GameObject: {fileID: 133092}
  m_LocalRotation: {x: -.0146157583, y: .00374470791, z: -.0548022576, w: .998383224}
  m_LocalPosition: {x: .0140226018, y: .128899768, z: -.00383824063}
  m_LocalScale: {x: 1, y: 1, z: 1}
  m_Children:
  - {fileID: 497488}
  m_Father: {fileID: 470958}
  m_RootOrder: 1
--- !u!4 &456074
Transform:
  m_ObjectHideFlags: 1
  m_PrefabParentObject: {fileID: 0}
  m_PrefabInternal: {fileID: 100100000}
  m_GameObject: {fileID: 125550}
  m_LocalRotation: {x: .00669306237, y: .0743870884, z: -.0500867367, w: .995948374}
  m_LocalPosition: {x: 5.36902411e-10, y: .273112744, z: 1.14603094e-09}
  m_LocalScale: {x: 1, y: 1, z: 1}
  m_Children:
  - {fileID: 468850}
  - {fileID: 468170}
  - {fileID: 415548}
  - {fileID: 421478}
  - {fileID: 482016}
  m_Father: {fileID: 484072}
  m_RootOrder: 0
--- !u!4 &459084
Transform:
  m_ObjectHideFlags: 1
  m_PrefabParentObject: {fileID: 0}
  m_PrefabInternal: {fileID: 100100000}
  m_GameObject: {fileID: 154620}
  m_LocalRotation: {x: -.00221990538, y: .0342802964, z: .999108791, w: -.0245275162}
  m_LocalPosition: {x: -.108763374, y: -.0532617159, z: .0153675629}
  m_LocalScale: {x: 1, y: 1, z: 1}
  m_Children:
  - {fileID: 466924}
  m_Father: {fileID: 414722}
  m_RootOrder: 0
--- !u!4 &459722
Transform:
  m_ObjectHideFlags: 1
  m_PrefabParentObject: {fileID: 0}
  m_PrefabInternal: {fileID: 100100000}
  m_GameObject: {fileID: 111090}
  m_LocalRotation: {x: -4.6366776e-07, y: 4.61171294e-05, z: .00212122593, w: .999997735}
  m_LocalPosition: {x: -7.3184041e-05, y: .023718603, z: -2.02582751e-09}
  m_LocalScale: {x: 1, y: 1, z: 1}
  m_Children:
  - {fileID: 412098}
  m_Father: {fileID: 487538}
  m_RootOrder: 0
--- !u!4 &461014
Transform:
  m_ObjectHideFlags: 1
  m_PrefabParentObject: {fileID: 0}
  m_PrefabInternal: {fileID: 100100000}
  m_GameObject: {fileID: 131792}
  m_LocalRotation: {x: 0, y: 0, z: 0, w: 1}
  m_LocalPosition: {x: -4.8993376e-10, y: .0700629577, z: 2.94665388e-13}
  m_LocalScale: {x: 1, y: 1, z: 1}
  m_Children: []
  m_Father: {fileID: 447916}
  m_RootOrder: 0
--- !u!4 &462966
Transform:
  m_ObjectHideFlags: 1
  m_PrefabParentObject: {fileID: 0}
  m_PrefabInternal: {fileID: 100100000}
  m_GameObject: {fileID: 107854}
  m_LocalRotation: {x: -1.15860296e-07, y: .00501685962, z: -3.94041621e-07, w: .999987423}
  m_LocalPosition: {x: 4.86248319e-10, y: .277195066, z: -1.65567254e-10}
  m_LocalScale: {x: 1, y: 1, z: 1}
  m_Children:
  - {fileID: 470958}
  m_Father: {fileID: 444330}
  m_RootOrder: 0
--- !u!4 &464144
Transform:
  m_ObjectHideFlags: 1
  m_PrefabParentObject: {fileID: 0}
  m_PrefabInternal: {fileID: 100100000}
  m_GameObject: {fileID: 153400}
  m_LocalRotation: {x: .554980218, y: -.431122065, z: .578556538, w: .414008498}
  m_LocalPosition: {x: -.0770871788, y: .122046888, z: -.00324204937}
  m_LocalScale: {x: 1, y: 1, z: 1}
  m_Children:
  - {fileID: 444330}
  m_Father: {fileID: 474388}
  m_RootOrder: 0
--- !u!4 &466544
Transform:
  m_ObjectHideFlags: 1
  m_PrefabParentObject: {fileID: 0}
  m_PrefabInternal: {fileID: 100100000}
  m_GameObject: {fileID: 146142}
  m_LocalRotation: {x: 0, y: 0, z: 0, w: 1}
  m_LocalPosition: {x: -0, y: .113224104, z: -2.51487997e-10}
  m_LocalScale: {x: 1, y: 1, z: 1}
  m_Children:
  - {fileID: 474388}
  m_Father: {fileID: 495546}
  m_RootOrder: 0
--- !u!4 &466924
Transform:
  m_ObjectHideFlags: 1
  m_PrefabParentObject: {fileID: 0}
  m_PrefabInternal: {fileID: 100100000}
  m_GameObject: {fileID: 135226}
  m_LocalRotation: {x: -.0970515907, y: .0059093223, z: -.0488783158, w: .994060874}
  m_LocalPosition: {x: 1.03457931e-09, y: .427237988, z: 2.61531158e-10}
  m_LocalScale: {x: 1, y: 1, z: 1}
  m_Children:
  - {fileID: 409554}
  m_Father: {fileID: 459084}
  m_RootOrder: 0
--- !u!4 &468170
Transform:
  m_ObjectHideFlags: 1
  m_PrefabParentObject: {fileID: 0}
  m_PrefabInternal: {fileID: 100100000}
  m_GameObject: {fileID: 172794}
  m_LocalRotation: {x: -.0102348235, y: -.00347779994, z: .0502877533, w: .9986763}
  m_LocalPosition: {x: -.0133589348, y: .134561479, z: -.0028111448}
  m_LocalScale: {x: 1, y: 1, z: 1}
  m_Children:
  - {fileID: 439952}
  m_Father: {fileID: 456074}
  m_RootOrder: 1
--- !u!4 &468562
Transform:
  m_ObjectHideFlags: 1
  m_PrefabParentObject: {fileID: 0}
  m_PrefabInternal: {fileID: 100100000}
  m_GameObject: {fileID: 119632}
  m_LocalRotation: {x: .0148790935, y: -1.8532134e-08, z: -7.40716501e-08, w: .999889314}
  m_LocalPosition: {x: 6.64787876e-05, y: .0233818758, z: -9.19384568e-10}
  m_LocalScale: {x: 1, y: 1, z: 1}
  m_Children:
  - {fileID: 401068}
  m_Father: {fileID: 407550}
  m_RootOrder: 0
--- !u!4 &468850
Transform:
  m_ObjectHideFlags: 1
  m_PrefabParentObject: {fileID: 0}
  m_PrefabInternal: {fileID: 100100000}
  m_GameObject: {fileID: 170746}
  m_LocalRotation: {x: -.0104112281, y: .000159743984, z: .0519953035, w: .998593092}
  m_LocalPosition: {x: -.0407717079, y: .132472977, z: -.000772387953}
  m_LocalScale: {x: 1, y: 1, z: 1}
  m_Children:
  - {fileID: 406996}
  m_Father: {fileID: 456074}
  m_RootOrder: 0
--- !u!4 &469640
Transform:
  m_ObjectHideFlags: 1
  m_PrefabParentObject: {fileID: 0}
  m_PrefabInternal: {fileID: 100100000}
  m_GameObject: {fileID: 164300}
  m_LocalRotation: {x: .281533271, y: -.0932678208, z: .0275064483, w: .954611719}
  m_LocalPosition: {x: 2.93421065e-10, y: .166701034, z: -1.95212579e-09}
  m_LocalScale: {x: 1, y: 1, z: 1}
  m_Children:
  - {fileID: 446064}
  m_Father: {fileID: 433064}
  m_RootOrder: 0
--- !u!4 &470958
Transform:
  m_ObjectHideFlags: 1
  m_PrefabParentObject: {fileID: 0}
  m_PrefabInternal: {fileID: 100100000}
  m_GameObject: {fileID: 182200}
  m_LocalRotation: {x: .0107398946, y: -.0744341165, z: .0550918803, w: .995645106}
  m_LocalPosition: {x: -7.29280941e-11, y: .274208426, z: 2.38972842e-10}
  m_LocalScale: {x: 1, y: 1, z: 1}
  m_Children:
  - {fileID: 497896}
  - {fileID: 455744}
  - {fileID: 475292}
  - {fileID: 490328}
  - {fileID: 483222}
  m_Father: {fileID: 462966}
  m_RootOrder: 0
--- !u!4 &471428
Transform:
  m_ObjectHideFlags: 1
  m_PrefabParentObject: {fileID: 0}
  m_PrefabInternal: {fileID: 100100000}
  m_GameObject: {fileID: 196712}
  m_LocalRotation: {x: .00801231991, y: -1.08631582e-09, z: -5.98048757e-08, w: .999967933}
  m_LocalPosition: {x: -6.84903353e-05, y: .0293441676, z: 6.94103594e-11}
  m_LocalScale: {x: 1, y: 1, z: 1}
  m_Children:
  - {fileID: 478454}
  m_Father: {fileID: 406996}
  m_RootOrder: 0
--- !u!4 &471960
Transform:
  m_ObjectHideFlags: 1
  m_PrefabParentObject: {fileID: 0}
  m_PrefabInternal: {fileID: 100100000}
  m_GameObject: {fileID: 198724}
  m_LocalRotation: {x: 0, y: 0, z: 0, w: 1}
  m_LocalPosition: {x: 5.48417972e-07, y: .0279824007, z: -8.62144134e-10}
  m_LocalScale: {x: 1, y: 1, z: 1}
  m_Children: []
  m_Father: {fileID: 407206}
  m_RootOrder: 0
--- !u!4 &474248
Transform:
  m_ObjectHideFlags: 1
  m_PrefabParentObject: {fileID: 0}
  m_PrefabInternal: {fileID: 100100000}
  m_GameObject: {fileID: 180368}
  m_LocalRotation: {x: 3.9026969e-07, y: 9.13161712e-05, z: -.00204391847, w: .999997914}
  m_LocalPosition: {x: 8.55653561e-05, y: .0303851925, z: -2.3978759e-09}
  m_LocalScale: {x: 1, y: 1, z: 1}
  m_Children:
  - {fileID: 405110}
  m_Father: {fileID: 490328}
  m_RootOrder: 0
--- !u!4 &474388
Transform:
  m_ObjectHideFlags: 1
  m_PrefabParentObject: {fileID: 0}
  m_PrefabInternal: {fileID: 100100000}
  m_GameObject: {fileID: 181310}
  m_LocalRotation: {x: 0, y: 0, z: 0, w: 1}
  m_LocalPosition: {x: -0, y: .129399136, z: -2.12271908e-10}
  m_LocalScale: {x: 1, y: 1, z: 1}
  m_Children:
  - {fileID: 464144}
  - {fileID: 489072}
  - {fileID: 454196}
  - {fileID: 478864}
  m_Father: {fileID: 466544}
  m_RootOrder: 0
--- !u!4 &475292
Transform:
  m_ObjectHideFlags: 1
  m_PrefabParentObject: {fileID: 0}
  m_PrefabInternal: {fileID: 100100000}
  m_GameObject: {fileID: 161908}
  m_LocalRotation: {x: -.013858567, y: .017356351, z: -.0535011999, w: .998320758}
  m_LocalPosition: {x: -.038841553, y: .116035074, z: -.00192385376}
  m_LocalScale: {x: 1, y: 1, z: 1}
  m_Children:
  - {fileID: 487538}
  m_Father: {fileID: 470958}
  m_RootOrder: 2
--- !u!4 &476856
Transform:
  m_ObjectHideFlags: 1
  m_PrefabParentObject: {fileID: 0}
  m_PrefabInternal: {fileID: 100100000}
  m_GameObject: {fileID: 132036}
  m_LocalRotation: {x: 5.81157096e-08, y: -.000154631431, z: .00321743754, w: .999994814}
  m_LocalPosition: {x: -.000182122807, y: .0331428051, z: -1.21609589e-09}
  m_LocalScale: {x: 1, y: 1, z: 1}
  m_Children:
  - {fileID: 433062}
  m_Father: {fileID: 497896}
  m_RootOrder: 0
--- !u!4 &477846
Transform:
  m_ObjectHideFlags: 1
  m_PrefabParentObject: {fileID: 0}
  m_PrefabInternal: {fileID: 100100000}
  m_GameObject: {fileID: 132574}
  m_LocalRotation: {x: 0, y: 0, z: 0, w: 1}
  m_LocalPosition: {x: .00101858319, y: .0373784825, z: -8.5042956e-10}
  m_LocalScale: {x: 1, y: 1, z: 1}
  m_Children: []
  m_Father: {fileID: 412332}
  m_RootOrder: 0
--- !u!4 &478426
Transform:
  m_ObjectHideFlags: 1
  m_PrefabParentObject: {fileID: 0}
  m_PrefabInternal: {fileID: 100100000}
  m_GameObject: {fileID: 161222}
  m_LocalRotation: {x: 0, y: 0, z: 0, w: 1}
  m_LocalPosition: {x: .000152640496, y: .0268181227, z: -3.2650177e-10}
  m_LocalScale: {x: 1, y: 1, z: 1}
  m_Children: []
  m_Father: {fileID: 433062}
  m_RootOrder: 0
--- !u!4 &478454
Transform:
  m_ObjectHideFlags: 1
  m_PrefabParentObject: {fileID: 0}
  m_PrefabInternal: {fileID: 100100000}
  m_GameObject: {fileID: 140420}
  m_LocalRotation: {x: 0, y: 0, z: 0, w: 1}
  m_LocalPosition: {x: -9.26070061e-05, y: .0264453795, z: -7.48724749e-10}
  m_LocalScale: {x: 1, y: 1, z: 1}
  m_Children: []
  m_Father: {fileID: 471428}
  m_RootOrder: 0
--- !u!4 &478864
Transform:
  m_ObjectHideFlags: 1
  m_PrefabParentObject: {fileID: 0}
  m_PrefabInternal: {fileID: 100100000}
  m_GameObject: {fileID: 154622}
  m_LocalRotation: {x: .0509499535, y: .0513857789, z: -.708259106, w: .702234149}
  m_LocalPosition: {x: .00898542907, y: .0351605117, z: -.00898833573}
  m_LocalScale: {x: .206114128, y: .782757759, z: .210686937}
  m_Children: []
  m_Father: {fileID: 474388}
  m_RootOrder: 3
--- !u!4 &481740
Transform:
  m_ObjectHideFlags: 1
  m_PrefabParentObject: {fileID: 0}
  m_PrefabInternal: {fileID: 100100000}
  m_GameObject: {fileID: 171558}
  m_LocalRotation: {x: -.143823162, y: .00235611387, z: .0228680428, w: .989336371}
  m_LocalPosition: {x: -3.98710676e-10, y: .163984656, z: -2.48989007e-09}
  m_LocalScale: {x: 1, y: 1, z: 1}
  m_Children:
  - {fileID: 484072}
  m_Father: {fileID: 454196}
  m_RootOrder: 0
--- !u!4 &482016
Transform:
  m_ObjectHideFlags: 1
  m_PrefabParentObject: {fileID: 0}
  m_PrefabInternal: {fileID: 100100000}
  m_GameObject: {fileID: 147892}
  m_LocalRotation: {x: .211289883, y: .0718100667, z: .316683739, w: .921906352}
  m_LocalPosition: {x: -.0305067319, y: .0406561382, z: .0111946762}
  m_LocalScale: {x: 1, y: 1, z: 1}
  m_Children:
  - {fileID: 452884}
  m_Father: {fileID: 456074}
  m_RootOrder: 4
--- !u!4 &483222
Transform:
  m_ObjectHideFlags: 1
  m_PrefabParentObject: {fileID: 0}
  m_PrefabInternal: {fileID: 100100000}
  m_GameObject: {fileID: 127188}
  m_LocalRotation: {x: .207961589, y: -.0693651438, z: -.345986813, w: .912268341}
  m_LocalPosition: {x: .0270171463, y: .036382582, z: .00989661552}
  m_LocalScale: {x: 1, y: 1, z: 1}
  m_Children:
  - {fileID: 411272}
  m_Father: {fileID: 470958}
  m_RootOrder: 4
--- !u!4 &484072
Transform:
  m_ObjectHideFlags: 1
  m_PrefabParentObject: {fileID: 0}
  m_PrefabInternal: {fileID: 100100000}
  m_GameObject: {fileID: 128558}
  m_LocalRotation: {x: -1.43961273e-07, y: -.00451175217, z: -3.82023643e-07, w: .999989808}
  m_LocalPosition: {x: -4.71246431e-10, y: .277113438, z: -2.15214691e-09}
  m_LocalScale: {x: 1, y: 1, z: 1}
  m_Children:
  - {fileID: 456074}
  m_Father: {fileID: 481740}
  m_RootOrder: 0
--- !u!4 &485564
Transform:
  m_ObjectHideFlags: 1
  m_PrefabParentObject: {fileID: 0}
  m_PrefabInternal: {fileID: 100100000}
  m_GameObject: {fileID: 157806}
  m_LocalRotation: {x: -6.93203838e-05, y: .00256365142, z: -.0188525785, w: .999818981}
  m_LocalPosition: {x: -.00031127932, y: .0386130884, z: -3.3169073e-10}
  m_LocalScale: {x: 1, y: 1, z: 1}
  m_Children:
  - {fileID: 425282}
  m_Father: {fileID: 452884}
  m_RootOrder: 0
--- !u!4 &485638
Transform:
  m_ObjectHideFlags: 1
  m_PrefabParentObject: {fileID: 0}
  m_PrefabInternal: {fileID: 100100000}
  m_GameObject: {fileID: 167844}
  m_LocalRotation: {x: 7.45057971e-09, y: 0, z: 1.89174876e-09, w: 1}
  m_LocalPosition: {x: -.0959999785, y: .552999914, z: .0540000089}
  m_LocalScale: {x: .13477084, y: .679104269, z: .153496131}
  m_Children: []
  m_Father: {fileID: 451944}
  m_RootOrder: 2
--- !u!4 &487538
Transform:
  m_ObjectHideFlags: 1
  m_PrefabParentObject: {fileID: 0}
  m_PrefabInternal: {fileID: 100100000}
  m_GameObject: {fileID: 199012}
  m_LocalRotation: {x: 1.2108093e-07, y: -3.70112393e-05, z: -.00242611812, w: .999997079}
  m_LocalPosition: {x: 5.0431001e-05, y: .0281767529, z: 3.30758476e-10}
  m_LocalScale: {x: 1, y: 1, z: 1}
  m_Children:
  - {fileID: 459722}
  m_Father: {fileID: 475292}
  m_RootOrder: 0
--- !u!4 &489072
Transform:
  m_ObjectHideFlags: 1
  m_PrefabParentObject: {fileID: 0}
  m_PrefabInternal: {fileID: 100100000}
  m_GameObject: {fileID: 110774}
  m_LocalRotation: {x: .0723626763, y: -4.32543883e-19, z: -3.13823342e-20, w: .997378409}
  m_LocalPosition: {x: -0, y: .14557378, z: -2.58560284e-08}
  m_LocalScale: {x: 1, y: 1, z: 1}
  m_Children:
  - {fileID: 420446}
  m_Father: {fileID: 474388}
  m_RootOrder: 1
--- !u!4 &490328
Transform:
  m_ObjectHideFlags: 1
  m_PrefabParentObject: {fileID: 0}
  m_PrefabInternal: {fileID: 100100000}
  m_GameObject: {fileID: 186610}
  m_LocalRotation: {x: -.0145771774, y: .00432223501, z: -.0527877435, w: .998490036}
  m_LocalPosition: {x: -.0154064987, y: .12793979, z: -.000962026126}
  m_LocalScale: {x: 1, y: 1, z: 1}
  m_Children:
  - {fileID: 474248}
  m_Father: {fileID: 470958}
  m_RootOrder: 3
--- !u!4 &492166
Transform:
  m_ObjectHideFlags: 1
  m_PrefabParentObject: {fileID: 0}
  m_PrefabInternal: {fileID: 100100000}
  m_GameObject: {fileID: 181732}
  m_LocalRotation: {x: -.00201793946, y: -1.38433727e-08, z: 1.04367899e-07, w: .999997973}
  m_LocalPosition: {x: -3.05414214e-05, y: .0317286775, z: -8.40583381e-10}
  m_LocalScale: {x: 1, y: 1, z: 1}
  m_Children:
  - {fileID: 401858}
  m_Father: {fileID: 439952}
  m_RootOrder: 0
--- !u!4 &495546
Transform:
  m_ObjectHideFlags: 1
  m_PrefabParentObject: {fileID: 0}
  m_PrefabInternal: {fileID: 100100000}
  m_GameObject: {fileID: 120180}
  m_LocalRotation: {x: -.0723629445, y: 2.85921647e-06, z: -2.67017531e-05, w: .997378409}
  m_LocalPosition: {x: -0, y: .0960329399, z: -.0140086766}
  m_LocalScale: {x: 1, y: 1, z: 1}
  m_Children:
  - {fileID: 466544}
  m_Father: {fileID: 414722}
  m_RootOrder: 2
--- !u!4 &495864
Transform:
  m_ObjectHideFlags: 1
  m_PrefabParentObject: {fileID: 0}
  m_PrefabInternal: {fileID: 100100000}
  m_GameObject: {fileID: 153310}
  m_LocalRotation: {x: 0, y: 0, z: 0, w: 1}
  m_LocalPosition: {x: 0, y: 0, z: 0}
  m_LocalScale: {x: 1, y: 1, z: 1}
  m_Children: []
  m_Father: {fileID: 499374}
  m_RootOrder: 2
--- !u!4 &497488
Transform:
  m_ObjectHideFlags: 1
  m_PrefabParentObject: {fileID: 0}
  m_PrefabInternal: {fileID: 100100000}
  m_GameObject: {fileID: 109610}
  m_LocalRotation: {x: -2.4019684e-07, y: 2.04210937e-06, z: .00124032784, w: .999999225}
  m_LocalPosition: {x: -4.07602893e-05, y: .0336044692, z: 9.73768066e-10}
  m_LocalScale: {x: 1, y: 1, z: 1}
  m_Children:
  - {fileID: 407206}
  m_Father: {fileID: 455744}
  m_RootOrder: 0
--- !u!4 &497896
Transform:
  m_ObjectHideFlags: 1
  m_PrefabParentObject: {fileID: 0}
  m_PrefabInternal: {fileID: 100100000}
  m_GameObject: {fileID: 106640}
  m_LocalRotation: {x: -.0148375873, y: -.000438358664, z: -.0568729937, w: .998271108}
  m_LocalPosition: {x: .0402254462, y: .122785687, z: -.000609465642}
  m_LocalScale: {x: 1, y: 1, z: 1}
  m_Children:
  - {fileID: 476856}
  m_Father: {fileID: 470958}
  m_RootOrder: 0
--- !u!4 &498642
Transform:
  m_ObjectHideFlags: 1
  m_PrefabParentObject: {fileID: 0}
  m_PrefabInternal: {fileID: 100100000}
  m_GameObject: {fileID: 139808}
  m_LocalRotation: {x: 3.43801759e-07, y: -2.27221281e-05, z: .000764206168, w: .999999702}
  m_LocalPosition: {x: -3.74650881e-05, y: .0313714705, z: -1.00437236e-09}
  m_LocalScale: {x: 1, y: 1, z: 1}
  m_Children:
  - {fileID: 498726}
  m_Father: {fileID: 421478}
  m_RootOrder: 0
--- !u!4 &498726
Transform:
  m_ObjectHideFlags: 1
  m_PrefabParentObject: {fileID: 0}
  m_PrefabInternal: {fileID: 100100000}
  m_GameObject: {fileID: 122864}
  m_LocalRotation: {x: .0262058601, y: 2.65089675e-08, z: -6.02989445e-08, w: .999656558}
  m_LocalPosition: {x: 1.04274513e-05, y: .0286731292, z: 2.53003507e-10}
  m_LocalScale: {x: 1, y: 1, z: 1}
  m_Children:
  - {fileID: 426726}
  m_Father: {fileID: 498642}
  m_RootOrder: 0
--- !u!4 &499374
Transform:
  m_ObjectHideFlags: 1
  m_PrefabParentObject: {fileID: 0}
  m_PrefabInternal: {fileID: 100100000}
  m_GameObject: {fileID: 127886}
  m_LocalRotation: {x: 0, y: 0, z: 0, w: 1}
  m_LocalPosition: {x: 5.98099995, y: -.0399999991, z: -7.33300018}
  m_LocalScale: {x: 1, y: 1, z: 1}
  m_Children:
  - {fileID: 414722}
  - {fileID: 438384}
  - {fileID: 495864}
  m_Father: {fileID: 0}
  m_RootOrder: 0
--- !u!23 &2335988
MeshRenderer:
  m_ObjectHideFlags: 1
  m_PrefabParentObject: {fileID: 0}
  m_PrefabInternal: {fileID: 100100000}
  m_GameObject: {fileID: 131892}
  m_Enabled: 1
  m_CastShadows: 1
  m_ReceiveShadows: 1
  m_Materials:
  - {fileID: 10303, guid: 0000000000000000f000000000000000, type: 0}
  m_SubsetIndices: 
  m_StaticBatchRoot: {fileID: 0}
  m_UseLightProbes: 1
  m_ReflectionProbeUsage: 1
  m_ProbeAnchor: {fileID: 0}
  m_ScaleInLightmap: 1
  m_PreserveUVs: 1
  m_ImportantGI: 0
  m_AutoUVMaxDistance: .5
  m_AutoUVMaxAngle: 89
  m_LightmapParameters: {fileID: 0}
  m_SortingLayerID: 0
  m_SortingOrder: 0
--- !u!23 &2336148
MeshRenderer:
  m_ObjectHideFlags: 1
  m_PrefabParentObject: {fileID: 0}
  m_PrefabInternal: {fileID: 100100000}
  m_GameObject: {fileID: 115588}
  m_Enabled: 0
  m_CastShadows: 1
  m_ReceiveShadows: 1
  m_Materials:
  - {fileID: 10303, guid: 0000000000000000f000000000000000, type: 0}
  m_SubsetIndices: 
  m_StaticBatchRoot: {fileID: 0}
  m_UseLightProbes: 1
  m_ReflectionProbeUsage: 1
  m_ProbeAnchor: {fileID: 0}
  m_ScaleInLightmap: 1
  m_PreserveUVs: 1
  m_ImportantGI: 0
  m_AutoUVMaxDistance: .5
  m_AutoUVMaxAngle: 89
  m_LightmapParameters: {fileID: 0}
  m_SortingLayerID: 0
  m_SortingOrder: 0
--- !u!23 &2348938
MeshRenderer:
  m_ObjectHideFlags: 1
  m_PrefabParentObject: {fileID: 0}
  m_PrefabInternal: {fileID: 100100000}
  m_GameObject: {fileID: 154622}
  m_Enabled: 0
  m_CastShadows: 1
  m_ReceiveShadows: 1
  m_Materials:
  - {fileID: 10303, guid: 0000000000000000f000000000000000, type: 0}
  m_SubsetIndices: 
  m_StaticBatchRoot: {fileID: 0}
  m_UseLightProbes: 1
  m_ReflectionProbeUsage: 1
  m_ProbeAnchor: {fileID: 0}
  m_ScaleInLightmap: 1
  m_PreserveUVs: 1
  m_ImportantGI: 0
  m_AutoUVMaxDistance: .5
  m_AutoUVMaxAngle: 89
  m_LightmapParameters: {fileID: 0}
  m_SortingLayerID: 0
  m_SortingOrder: 0
--- !u!23 &2356792
MeshRenderer:
  m_ObjectHideFlags: 1
  m_PrefabParentObject: {fileID: 0}
  m_PrefabInternal: {fileID: 100100000}
  m_GameObject: {fileID: 114994}
  m_Enabled: 0
  m_CastShadows: 1
  m_ReceiveShadows: 1
  m_Materials:
  - {fileID: 10303, guid: 0000000000000000f000000000000000, type: 0}
  m_SubsetIndices: 
  m_StaticBatchRoot: {fileID: 0}
  m_UseLightProbes: 1
  m_ReflectionProbeUsage: 1
  m_ProbeAnchor: {fileID: 0}
  m_ScaleInLightmap: 1
  m_PreserveUVs: 1
  m_ImportantGI: 0
  m_AutoUVMaxDistance: .5
  m_AutoUVMaxAngle: 89
  m_LightmapParameters: {fileID: 0}
  m_SortingLayerID: 0
  m_SortingOrder: 0
--- !u!23 &2368366
MeshRenderer:
  m_ObjectHideFlags: 1
  m_PrefabParentObject: {fileID: 0}
  m_PrefabInternal: {fileID: 100100000}
  m_GameObject: {fileID: 167844}
  m_Enabled: 1
  m_CastShadows: 1
  m_ReceiveShadows: 1
  m_Materials:
  - {fileID: 10303, guid: 0000000000000000f000000000000000, type: 0}
  m_SubsetIndices: 
  m_StaticBatchRoot: {fileID: 0}
  m_UseLightProbes: 1
  m_ReflectionProbeUsage: 1
  m_ProbeAnchor: {fileID: 0}
  m_ScaleInLightmap: 1
  m_PreserveUVs: 1
  m_ImportantGI: 0
  m_AutoUVMaxDistance: .5
  m_AutoUVMaxAngle: 89
  m_LightmapParameters: {fileID: 0}
  m_SortingLayerID: 0
  m_SortingOrder: 0
--- !u!33 &3306932
MeshFilter:
  m_ObjectHideFlags: 1
  m_PrefabParentObject: {fileID: 0}
  m_PrefabInternal: {fileID: 100100000}
  m_GameObject: {fileID: 154622}
  m_Mesh: {fileID: 10202, guid: 0000000000000000e000000000000000, type: 0}
--- !u!33 &3316810
MeshFilter:
  m_ObjectHideFlags: 1
  m_PrefabParentObject: {fileID: 0}
  m_PrefabInternal: {fileID: 100100000}
  m_GameObject: {fileID: 114994}
  m_Mesh: {fileID: 10202, guid: 0000000000000000e000000000000000, type: 0}
--- !u!33 &3341156
MeshFilter:
  m_ObjectHideFlags: 1
  m_PrefabParentObject: {fileID: 0}
  m_PrefabInternal: {fileID: 100100000}
  m_GameObject: {fileID: 167844}
  m_Mesh: {fileID: 10202, guid: 0000000000000000e000000000000000, type: 0}
--- !u!33 &3357032
MeshFilter:
  m_ObjectHideFlags: 1
  m_PrefabParentObject: {fileID: 0}
  m_PrefabInternal: {fileID: 100100000}
  m_GameObject: {fileID: 115588}
  m_Mesh: {fileID: 10202, guid: 0000000000000000e000000000000000, type: 0}
--- !u!33 &3388566
MeshFilter:
  m_ObjectHideFlags: 1
  m_PrefabParentObject: {fileID: 0}
  m_PrefabInternal: {fileID: 100100000}
  m_GameObject: {fileID: 131892}
  m_Mesh: {fileID: 10202, guid: 0000000000000000e000000000000000, type: 0}
--- !u!54 &5400236
Rigidbody:
  m_ObjectHideFlags: 1
  m_PrefabParentObject: {fileID: 0}
  m_PrefabInternal: {fileID: 100100000}
  m_GameObject: {fileID: 107854}
  serializedVersion: 2
  m_Mass: 1.25
  m_Drag: 0
  m_AngularDrag: .0500000007
  m_UseGravity: 1
  m_IsKinematic: 0
  m_Interpolate: 0
  m_Constraints: 0
  m_CollisionDetection: 0
--- !u!54 &5401550
Rigidbody:
  m_ObjectHideFlags: 1
  m_PrefabParentObject: {fileID: 0}
  m_PrefabInternal: {fileID: 100100000}
  m_GameObject: {fileID: 174744}
  serializedVersion: 2
  m_Mass: 1.875
  m_Drag: 0
  m_AngularDrag: .0500000007
  m_UseGravity: 1
  m_IsKinematic: 0
  m_Interpolate: 0
  m_Constraints: 0
  m_CollisionDetection: 0
--- !u!54 &5402282
Rigidbody:
  m_ObjectHideFlags: 1
  m_PrefabParentObject: {fileID: 0}
  m_PrefabInternal: {fileID: 100100000}
  m_GameObject: {fileID: 120180}
  serializedVersion: 2
  m_Mass: 3.125
  m_Drag: 0
  m_AngularDrag: .0500000007
  m_UseGravity: 1
  m_IsKinematic: 0
  m_Interpolate: 0
  m_Constraints: 0
  m_CollisionDetection: 0
--- !u!54 &5410814
Rigidbody:
  m_ObjectHideFlags: 1
  m_PrefabParentObject: {fileID: 0}
  m_PrefabInternal: {fileID: 100100000}
  m_GameObject: {fileID: 135226}
  serializedVersion: 2
  m_Mass: 1.875
  m_Drag: 0
  m_AngularDrag: .0500000007
  m_UseGravity: 1
  m_IsKinematic: 0
  m_Interpolate: 0
  m_Constraints: 0
  m_CollisionDetection: 0
--- !u!54 &5431694
Rigidbody:
  m_ObjectHideFlags: 1
  m_PrefabParentObject: {fileID: 0}
  m_PrefabInternal: {fileID: 100100000}
  m_GameObject: {fileID: 171558}
  serializedVersion: 2
  m_Mass: 1.25
  m_Drag: 0
  m_AngularDrag: .0500000007
  m_UseGravity: 1
  m_IsKinematic: 0
  m_Interpolate: 0
  m_Constraints: 0
  m_CollisionDetection: 0
--- !u!54 &5433090
Rigidbody:
  m_ObjectHideFlags: 1
  m_PrefabParentObject: {fileID: 0}
  m_PrefabInternal: {fileID: 100100000}
  m_GameObject: {fileID: 156272}
  serializedVersion: 2
  m_Mass: 1.875
  m_Drag: 0
  m_AngularDrag: .0500000007
  m_UseGravity: 1
  m_IsKinematic: 0
  m_Interpolate: 0
  m_Constraints: 0
  m_CollisionDetection: 0
--- !u!54 &5438574
Rigidbody:
  m_ObjectHideFlags: 1
  m_PrefabParentObject: {fileID: 0}
  m_PrefabInternal: {fileID: 100100000}
  m_GameObject: {fileID: 160352}
  serializedVersion: 2
  m_Mass: 1.25
  m_Drag: 0
  m_AngularDrag: .0500000007
  m_UseGravity: 1
  m_IsKinematic: 0
  m_Interpolate: 0
  m_Constraints: 0
  m_CollisionDetection: 0
--- !u!54 &5441384
Rigidbody:
  m_ObjectHideFlags: 1
  m_PrefabParentObject: {fileID: 0}
  m_PrefabInternal: {fileID: 100100000}
  m_GameObject: {fileID: 128558}
  serializedVersion: 2
  m_Mass: 1.25
  m_Drag: 0
  m_AngularDrag: .0500000007
  m_UseGravity: 1
  m_IsKinematic: 0
  m_Interpolate: 0
  m_Constraints: 0
  m_CollisionDetection: 0
--- !u!54 &5456506
Rigidbody:
  m_ObjectHideFlags: 1
  m_PrefabParentObject: {fileID: 0}
  m_PrefabInternal: {fileID: 100100000}
  m_GameObject: {fileID: 118838}
  serializedVersion: 2
  m_Mass: 1.25
  m_Drag: 0
  m_AngularDrag: .0500000007
  m_UseGravity: 1
  m_IsKinematic: 0
  m_Interpolate: 0
  m_Constraints: 0
  m_CollisionDetection: 0
--- !u!54 &5475198
Rigidbody:
  m_ObjectHideFlags: 1
  m_PrefabParentObject: {fileID: 0}
  m_PrefabInternal: {fileID: 100100000}
  m_GameObject: {fileID: 141992}
  serializedVersion: 2
  m_Mass: 3.125
  m_Drag: 0
  m_AngularDrag: .0500000007
  m_UseGravity: 1
  m_IsKinematic: 0
  m_Interpolate: 0
  m_Constraints: 0
  m_CollisionDetection: 0
--- !u!54 &5483274
Rigidbody:
  m_ObjectHideFlags: 1
  m_PrefabParentObject: {fileID: 0}
  m_PrefabInternal: {fileID: 100100000}
  m_GameObject: {fileID: 154620}
  serializedVersion: 2
  m_Mass: 1.875
  m_Drag: 0
  m_AngularDrag: .0500000007
  m_UseGravity: 1
  m_IsKinematic: 0
  m_Interpolate: 0
  m_Constraints: 0
  m_CollisionDetection: 0
--- !u!65 &6553932
BoxCollider:
  m_ObjectHideFlags: 1
  m_PrefabParentObject: {fileID: 0}
  m_PrefabInternal: {fileID: 100100000}
  m_GameObject: {fileID: 131892}
  m_Material: {fileID: 0}
  m_IsTrigger: 0
  m_Enabled: 1
  serializedVersion: 2
  m_Size: {x: 1, y: 1, z: 1}
  m_Center: {x: 0, y: 0, z: 0}
--- !u!65 &6564436
BoxCollider:
  m_ObjectHideFlags: 1
  m_PrefabParentObject: {fileID: 0}
  m_PrefabInternal: {fileID: 100100000}
  m_GameObject: {fileID: 167844}
  m_Material: {fileID: 0}
  m_IsTrigger: 0
  m_Enabled: 1
  serializedVersion: 2
  m_Size: {x: 1, y: 1, z: 1}
  m_Center: {x: 0, y: 0, z: 0}
--- !u!65 &6572066
BoxCollider:
  m_ObjectHideFlags: 1
  m_PrefabParentObject: {fileID: 0}
  m_PrefabInternal: {fileID: 100100000}
  m_GameObject: {fileID: 141992}
  m_Material: {fileID: 0}
  m_IsTrigger: 0
  m_Enabled: 1
  serializedVersion: 2
  m_Size: {x: .234099388, y: .462438405, z: .234116077}
  m_Center: {x: -.11704956, y: .177957505, z: -.0276200473}
--- !u!65 &6576166
BoxCollider:
  m_ObjectHideFlags: 1
  m_PrefabParentObject: {fileID: 0}
  m_PrefabInternal: {fileID: 100100000}
  m_GameObject: {fileID: 120180}
  m_Material: {fileID: 0}
  m_IsTrigger: 0
  m_Enabled: 1
  serializedVersion: 2
  m_Size: {x: .468232155, y: .31802246, z: .234999865}
  m_Center: {x: 1.1920929e-07, y: .159011275, z: -.00164444745}
--- !u!114 &11490786
MonoBehaviour:
  m_ObjectHideFlags: 1
  m_PrefabParentObject: {fileID: 0}
  m_PrefabInternal: {fileID: 100100000}
  m_GameObject: {fileID: 127886}
  m_Enabled: 1
  m_EditorHideFlags: 0
  m_Script: {fileID: 11500000, guid: f7839898ebf944278bc88b216a277c81, type: 3}
  m_Name: 
  m_EditorClassIdentifier: 
--- !u!135 &13576644
SphereCollider:
  m_ObjectHideFlags: 1
  m_PrefabParentObject: {fileID: 0}
  m_PrefabInternal: {fileID: 100100000}
  m_GameObject: {fileID: 118838}
  m_Material: {fileID: 0}
  m_IsTrigger: 0
  m_Enabled: 1
  serializedVersion: 2
  m_Radius: .117058381
  m_Center: {x: 0, y: .117058381, z: 0}
--- !u!136 &13603822
CapsuleCollider:
  m_ObjectHideFlags: 1
  m_PrefabParentObject: {fileID: 0}
  m_PrefabInternal: {fileID: 100100000}
  m_GameObject: {fileID: 154620}
  m_Material: {fileID: 0}
  m_IsTrigger: 0
  m_Enabled: 1
  m_Radius: .128171429
  m_Height: .427238077
  m_Direction: 1
  m_Center: {x: 0, y: .213619038, z: 0}
--- !u!136 &13611204
CapsuleCollider:
  m_ObjectHideFlags: 1
  m_PrefabParentObject: {fileID: 0}
  m_PrefabInternal: {fileID: 100100000}
  m_GameObject: {fileID: 171558}
  m_Material: {fileID: 0}
  m_IsTrigger: 0
  m_Enabled: 1
  m_Radius: .0692783073
  m_Height: .277113229
  m_Direction: 1
  m_Center: {x: 0, y: .138556615, z: 0}
--- !u!136 &13619894
CapsuleCollider:
  m_ObjectHideFlags: 1
  m_PrefabParentObject: {fileID: 0}
  m_PrefabInternal: {fileID: 100100000}
  m_GameObject: {fileID: 156272}
  m_Material: {fileID: 0}
  m_IsTrigger: 0
  m_Enabled: 1
  m_Radius: .128159374
  m_Height: .427197903
  m_Direction: 1
  m_Center: {x: 0, y: .213598952, z: 0}
--- !u!136 &13630038
CapsuleCollider:
  m_ObjectHideFlags: 1
  m_PrefabParentObject: {fileID: 0}
  m_PrefabInternal: {fileID: 100100000}
  m_GameObject: {fileID: 174744}
  m_Material: {fileID: 0}
  m_IsTrigger: 0
  m_Enabled: 1
  m_Radius: .130237609
  m_Height: .520950437
  m_Direction: 1
  m_Center: {x: 0, y: .260475218, z: 0}
--- !u!136 &13651592
CapsuleCollider:
  m_ObjectHideFlags: 1
  m_PrefabParentObject: {fileID: 0}
  m_PrefabInternal: {fileID: 100100000}
  m_GameObject: {fileID: 107854}
  m_Material: {fileID: 0}
  m_IsTrigger: 0
  m_Enabled: 1
  m_Radius: .0994484276
  m_Height: .497242123
  m_Direction: 1
  m_Center: {x: 0, y: .248621061, z: 0}
--- !u!136 &13666270
CapsuleCollider:
  m_ObjectHideFlags: 1
  m_PrefabParentObject: {fileID: 0}
  m_PrefabInternal: {fileID: 100100000}
  m_GameObject: {fileID: 128558}
  m_Material: {fileID: 0}
  m_IsTrigger: 0
  m_Enabled: 1
  m_Radius: .100392558
  m_Height: .501962781
  m_Direction: 1
  m_Center: {x: 0, y: .25098139, z: 0}
--- !u!136 &13681520
CapsuleCollider:
  m_ObjectHideFlags: 1
  m_PrefabParentObject: {fileID: 0}
  m_PrefabInternal: {fileID: 100100000}
  m_GameObject: {fileID: 160352}
  m_Material: {fileID: 0}
  m_IsTrigger: 0
  m_Enabled: 1
  m_Radius: .0692986995
  m_Height: .277194798
  m_Direction: 1
  m_Center: {x: 0, y: .138597399, z: 0}
--- !u!136 &13681720
CapsuleCollider:
  m_ObjectHideFlags: 1
  m_PrefabParentObject: {fileID: 0}
  m_PrefabInternal: {fileID: 100100000}
  m_GameObject: {fileID: 135226}
  m_Material: {fileID: 0}
  m_IsTrigger: 0
  m_Enabled: 1
  m_Radius: .130362958
  m_Height: .521451831
  m_Direction: 1
  m_Center: {x: 0, y: .260725915, z: 0}
--- !u!137 &13780704
SkinnedMeshRenderer:
  m_ObjectHideFlags: 1
  m_PrefabParentObject: {fileID: 0}
  m_PrefabInternal: {fileID: 100100000}
  m_GameObject: {fileID: 126868}
  m_Enabled: 1
  m_CastShadows: 1
  m_ReceiveShadows: 1
  m_Materials:
  - {fileID: 2100000, guid: b9d784d2c63e84db88380da9f97e46f0, type: 2}
  m_SubsetIndices: 
  m_StaticBatchRoot: {fileID: 0}
  m_UseLightProbes: 1
  m_ReflectionProbeUsage: 1
  m_ProbeAnchor: {fileID: 0}
  m_ScaleInLightmap: 1
  m_PreserveUVs: 0
  m_ImportantGI: 0
  m_AutoUVMaxDistance: .5
  m_AutoUVMaxAngle: 89
  m_LightmapParameters: {fileID: 0}
  m_SortingLayerID: 0
  m_SortingOrder: 0
  serializedVersion: 2
  m_Quality: 0
  m_UpdateWhenOffscreen: 0
  m_Mesh: {fileID: 4300002, guid: dbed3bc18ab2f1e46a62f9aa4e5bcbb8, type: 3}
  m_Bones:
  - {fileID: 459084}
  - {fileID: 438242}
  - {fileID: 414722}
  - {fileID: 474388}
  - {fileID: 454196}
  - {fileID: 481740}
  - {fileID: 484072}
  - {fileID: 456074}
  - {fileID: 466544}
  - {fileID: 495546}
  - {fileID: 464144}
  - {fileID: 444330}
  - {fileID: 462966}
  - {fileID: 470958}
  - {fileID: 482016}
  - {fileID: 468170}
  - {fileID: 483222}
  - {fileID: 420446}
  - {fileID: 489072}
  - {fileID: 466924}
  - {fileID: 409554}
  - {fileID: 447916}
  - {fileID: 433064}
  - {fileID: 469640}
  - {fileID: 446634}
  m_BlendShapeWeights: []
  m_RootBone: {fileID: 414722}
  m_AABB:
    m_Center: {x: -.0043579042, y: -.154814541, z: .0470862687}
    m_Extent: {x: .836458206, y: .998671472, z: .307198346}
  m_DirtyAABB: 0
--- !u!137 &13789092
SkinnedMeshRenderer:
  m_ObjectHideFlags: 1
  m_PrefabParentObject: {fileID: 0}
  m_PrefabInternal: {fileID: 100100000}
  m_GameObject: {fileID: 153310}
  m_Enabled: 1
  m_CastShadows: 1
  m_ReceiveShadows: 1
  m_Materials:
  - {fileID: 2100000, guid: b6b06bdd064394a69b5fd9815d5ea51d, type: 2}
  m_SubsetIndices: 
  m_StaticBatchRoot: {fileID: 0}
  m_UseLightProbes: 1
  m_ReflectionProbeUsage: 1
  m_ProbeAnchor: {fileID: 0}
  m_ScaleInLightmap: 1
  m_PreserveUVs: 0
  m_ImportantGI: 0
  m_AutoUVMaxDistance: .5
  m_AutoUVMaxAngle: 89
  m_LightmapParameters: {fileID: 0}
  m_SortingLayerID: 0
  m_SortingOrder: 0
  serializedVersion: 2
  m_Quality: 0
  m_UpdateWhenOffscreen: 0
  m_Mesh: {fileID: 4300000, guid: dbed3bc18ab2f1e46a62f9aa4e5bcbb8, type: 3}
  m_Bones:
  - {fileID: 420446}
  - {fileID: 489072}
  - {fileID: 474388}
  - {fileID: 454196}
  - {fileID: 481740}
  - {fileID: 464144}
  - {fileID: 444330}
  - {fileID: 466544}
  - {fileID: 495546}
  - {fileID: 456074}
  - {fileID: 468850}
  - {fileID: 468170}
  - {fileID: 421478}
  - {fileID: 415548}
  - {fileID: 484072}
  - {fileID: 482016}
  - {fileID: 439952}
  - {fileID: 492166}
  - {fileID: 406996}
  - {fileID: 471428}
  - {fileID: 452884}
  - {fileID: 485564}
  - {fileID: 498642}
  - {fileID: 498726}
  - {fileID: 407550}
  - {fileID: 468562}
  - {fileID: 497896}
  - {fileID: 455744}
  - {fileID: 470958}
  - {fileID: 475292}
  - {fileID: 490328}
  - {fileID: 474248}
  - {fileID: 483222}
  - {fileID: 462966}
  - {fileID: 497488}
  - {fileID: 407206}
  - {fileID: 476856}
  - {fileID: 411272}
  - {fileID: 412332}
  - {fileID: 433062}
  - {fileID: 405110}
  - {fileID: 487538}
  - {fileID: 459722}
  m_BlendShapeWeights: []
  m_RootBone: {fileID: 495546}
  m_AABB:
    m_Center: {x: .00205087662, y: .417941481, z: .0605547205}
    m_Extent: {x: 1.01325691, y: .266601831, z: .16896522}
  m_DirtyAABB: 0
--- !u!144 &14404482
CharacterJoint:
  m_ObjectHideFlags: 1
  m_PrefabParentObject: {fileID: 0}
  m_PrefabInternal: {fileID: 100100000}
  m_GameObject: {fileID: 160352}
  m_ConnectedBody: {fileID: 5402282}
  m_Anchor: {x: 0, y: 0, z: 0}
  m_Axis: {x: 0, y: 0, z: -1}
  m_AutoConfigureConnectedAnchor: 1
  m_ConnectedAnchor: {x: -.234115958, y: .317858875, z: -.00969062373}
  serializedVersion: 2
  m_SwingAxis: {x: 1, y: 0, z: 0}
  m_TwistLimitSpring:
    spring: 0
    damper: 0
  m_LowTwistLimit:
    limit: -70
    bounciness: 0
    contactDistance: 0
  m_HighTwistLimit:
    limit: 10
    bounciness: 0
    contactDistance: 0
  m_SwingLimitSpring:
    spring: 0
    damper: 0
  m_Swing1Limit:
    limit: 50
    bounciness: 0
    contactDistance: 0
  m_Swing2Limit:
    limit: 0
    bounciness: 0
    contactDistance: 0
  m_EnableProjection: 0
  m_ProjectionDistance: .100000001
  m_ProjectionAngle: 180
  m_BreakForce: Infinity
  m_BreakTorque: Infinity
  m_EnableCollision: 0
  m_EnablePreprocessing: 0
--- !u!144 &14417008
CharacterJoint:
  m_ObjectHideFlags: 1
  m_PrefabParentObject: {fileID: 0}
  m_PrefabInternal: {fileID: 100100000}
  m_GameObject: {fileID: 120180}
  m_ConnectedBody: {fileID: 5475198}
  m_Anchor: {x: 0, y: 0, z: 0}
  m_Axis: {x: 1, y: 0, z: 0}
  m_AutoConfigureConnectedAnchor: 1
  m_ConnectedAnchor: {x: 1.39931217e-07, y: .0960329771, z: -.0140087232}
  serializedVersion: 2
  m_SwingAxis: {x: 0, y: 0, z: 1}
  m_TwistLimitSpring:
    spring: 0
    damper: 0
  m_LowTwistLimit:
    limit: -20
    bounciness: 0
    contactDistance: 0
  m_HighTwistLimit:
    limit: 20
    bounciness: 0
    contactDistance: 0
  m_SwingLimitSpring:
    spring: 0
    damper: 0
  m_Swing1Limit:
    limit: 10
    bounciness: 0
    contactDistance: 0
  m_Swing2Limit:
    limit: 0
    bounciness: 0
    contactDistance: 0
  m_EnableProjection: 0
  m_ProjectionDistance: .100000001
  m_ProjectionAngle: 180
  m_BreakForce: Infinity
  m_BreakTorque: Infinity
  m_EnableCollision: 0
  m_EnablePreprocessing: 0
--- !u!144 &14418254
CharacterJoint:
  m_ObjectHideFlags: 1
  m_PrefabParentObject: {fileID: 0}
  m_PrefabInternal: {fileID: 100100000}
  m_GameObject: {fileID: 154620}
  m_ConnectedBody: {fileID: 5475198}
  m_Anchor: {x: 0, y: 0, z: 0}
  m_Axis: {x: -1, y: 0, z: 0}
  m_AutoConfigureConnectedAnchor: 1
  m_ConnectedAnchor: {x: -.108763553, y: -.0532616973, z: .0153677836}
  serializedVersion: 2
  m_SwingAxis: {x: 0, y: 0, z: 1}
  m_TwistLimitSpring:
    spring: 0
    damper: 0
  m_LowTwistLimit:
    limit: -20
    bounciness: 0
    contactDistance: 0
  m_HighTwistLimit:
    limit: 70
    bounciness: 0
    contactDistance: 0
  m_SwingLimitSpring:
    spring: 0
    damper: 0
  m_Swing1Limit:
    limit: 30
    bounciness: 0
    contactDistance: 0
  m_Swing2Limit:
    limit: 0
    bounciness: 0
    contactDistance: 0
  m_EnableProjection: 0
  m_ProjectionDistance: .100000001
  m_ProjectionAngle: 180
  m_BreakForce: Infinity
  m_BreakTorque: Infinity
  m_EnableCollision: 0
  m_EnablePreprocessing: 0
--- !u!144 &14433310
CharacterJoint:
  m_ObjectHideFlags: 1
  m_PrefabParentObject: {fileID: 0}
  m_PrefabInternal: {fileID: 100100000}
  m_GameObject: {fileID: 171558}
  m_ConnectedBody: {fileID: 5402282}
  m_Anchor: {x: 0, y: 0, z: 0}
  m_Axis: {x: 0, y: 0, z: -1}
  m_AutoConfigureConnectedAnchor: 1
  m_ConnectedAnchor: {x: .234116197, y: .31802246, z: -.0108065084}
  serializedVersion: 2
  m_SwingAxis: {x: -1, y: 0, z: 0}
  m_TwistLimitSpring:
    spring: 0
    damper: 0
  m_LowTwistLimit:
    limit: -70
    bounciness: 0
    contactDistance: 0
  m_HighTwistLimit:
    limit: 10
    bounciness: 0
    contactDistance: 0
  m_SwingLimitSpring:
    spring: 0
    damper: 0
  m_Swing1Limit:
    limit: 50
    bounciness: 0
    contactDistance: 0
  m_Swing2Limit:
    limit: 0
    bounciness: 0
    contactDistance: 0
  m_EnableProjection: 0
  m_ProjectionDistance: .100000001
  m_ProjectionAngle: 180
  m_BreakForce: Infinity
  m_BreakTorque: Infinity
  m_EnableCollision: 0
  m_EnablePreprocessing: 0
--- !u!144 &14433516
CharacterJoint:
  m_ObjectHideFlags: 1
  m_PrefabParentObject: {fileID: 0}
  m_PrefabInternal: {fileID: 100100000}
  m_GameObject: {fileID: 174744}
  m_ConnectedBody: {fileID: 5433090}
  m_Anchor: {x: 0, y: 0, z: 0}
  m_Axis: {x: -1, y: 0, z: 0}
  m_AutoConfigureConnectedAnchor: 1
  m_ConnectedAnchor: {x: 1.25219231e-07, y: .427197903, z: 1.86264515e-08}
  serializedVersion: 2
  m_SwingAxis: {x: 0, y: 0, z: 1}
  m_TwistLimitSpring:
    spring: 0
    damper: 0
  m_LowTwistLimit:
    limit: -80
    bounciness: 0
    contactDistance: 0
  m_HighTwistLimit:
    limit: 0
    bounciness: 0
    contactDistance: 0
  m_SwingLimitSpring:
    spring: 0
    damper: 0
  m_Swing1Limit:
    limit: 0
    bounciness: 0
    contactDistance: 0
  m_Swing2Limit:
    limit: 0
    bounciness: 0
    contactDistance: 0
  m_EnableProjection: 0
  m_ProjectionDistance: .100000001
  m_ProjectionAngle: 180
  m_BreakForce: Infinity
  m_BreakTorque: Infinity
  m_EnableCollision: 0
  m_EnablePreprocessing: 0
--- !u!144 &14435596
CharacterJoint:
  m_ObjectHideFlags: 1
  m_PrefabParentObject: {fileID: 0}
  m_PrefabInternal: {fileID: 100100000}
  m_GameObject: {fileID: 156272}
  m_ConnectedBody: {fileID: 5475198}
  m_Anchor: {x: 0, y: 0, z: 0}
  m_Axis: {x: -1, y: 0, z: 0}
  m_AutoConfigureConnectedAnchor: 1
  m_ConnectedAnchor: {x: .108763359, y: -.0532616973, z: .0137875453}
  serializedVersion: 2
  m_SwingAxis: {x: 0, y: 0, z: 1}
  m_TwistLimitSpring:
    spring: 0
    damper: 0
  m_LowTwistLimit:
    limit: -20
    bounciness: 0
    contactDistance: 0
  m_HighTwistLimit:
    limit: 70
    bounciness: 0
    contactDistance: 0
  m_SwingLimitSpring:
    spring: 0
    damper: 0
  m_Swing1Limit:
    limit: 30
    bounciness: 0
    contactDistance: 0
  m_Swing2Limit:
    limit: 0
    bounciness: 0
    contactDistance: 0
  m_EnableProjection: 0
  m_ProjectionDistance: .100000001
  m_ProjectionAngle: 180
  m_BreakForce: Infinity
  m_BreakTorque: Infinity
  m_EnableCollision: 0
  m_EnablePreprocessing: 0
--- !u!144 &14444136
CharacterJoint:
  m_ObjectHideFlags: 1
  m_PrefabParentObject: {fileID: 0}
  m_PrefabInternal: {fileID: 100100000}
  m_GameObject: {fileID: 135226}
  m_ConnectedBody: {fileID: 5483274}
  m_Anchor: {x: 0, y: 0, z: 0}
  m_Axis: {x: -1, y: 0, z: 0}
  m_AutoConfigureConnectedAnchor: 1
  m_ConnectedAnchor: {x: 1.49906555e-07, y: .427238077, z: -2.34693289e-07}
  serializedVersion: 2
  m_SwingAxis: {x: 0, y: 0, z: 1}
  m_TwistLimitSpring:
    spring: 0
    damper: 0
  m_LowTwistLimit:
    limit: -80
    bounciness: 0
    contactDistance: 0
  m_HighTwistLimit:
    limit: 0
    bounciness: 0
    contactDistance: 0
  m_SwingLimitSpring:
    spring: 0
    damper: 0
  m_Swing1Limit:
    limit: 0
    bounciness: 0
    contactDistance: 0
  m_Swing2Limit:
    limit: 0
    bounciness: 0
    contactDistance: 0
  m_EnableProjection: 0
  m_ProjectionDistance: .100000001
  m_ProjectionAngle: 180
  m_BreakForce: Infinity
  m_BreakTorque: Infinity
  m_EnableCollision: 0
  m_EnablePreprocessing: 0
--- !u!144 &14444190
CharacterJoint:
  m_ObjectHideFlags: 1
  m_PrefabParentObject: {fileID: 0}
  m_PrefabInternal: {fileID: 100100000}
  m_GameObject: {fileID: 128558}
  m_ConnectedBody: {fileID: 5431694}
  m_Anchor: {x: 0, y: 0, z: 0}
  m_Axis: {x: -1, y: 0, z: 0}
  m_AutoConfigureConnectedAnchor: 1
  m_ConnectedAnchor: {x: 1.61933713e-07, y: .277113229, z: 5.21540642e-08}
  serializedVersion: 2
  m_SwingAxis: {x: 0, y: 0, z: -1}
  m_TwistLimitSpring:
    spring: 0
    damper: 0
  m_LowTwistLimit:
    limit: -90
    bounciness: 0
    contactDistance: 0
  m_HighTwistLimit:
    limit: 0
    bounciness: 0
    contactDistance: 0
  m_SwingLimitSpring:
    spring: 0
    damper: 0
  m_Swing1Limit:
    limit: 0
    bounciness: 0
    contactDistance: 0
  m_Swing2Limit:
    limit: 0
    bounciness: 0
    contactDistance: 0
  m_EnableProjection: 0
  m_ProjectionDistance: .100000001
  m_ProjectionAngle: 180
  m_BreakForce: Infinity
  m_BreakTorque: Infinity
  m_EnableCollision: 0
  m_EnablePreprocessing: 0
--- !u!144 &14466000
CharacterJoint:
  m_ObjectHideFlags: 1
  m_PrefabParentObject: {fileID: 0}
  m_PrefabInternal: {fileID: 100100000}
  m_GameObject: {fileID: 118838}
  m_ConnectedBody: {fileID: 5402282}
  m_Anchor: {x: 0, y: 0, z: 0}
  m_Axis: {x: 1, y: 0, z: 0}
  m_AutoConfigureConnectedAnchor: 1
  m_ConnectedAnchor: {x: -1.46631095e-07, y: .460949153, z: .0255262628}
  serializedVersion: 2
  m_SwingAxis: {x: 0, y: 0, z: 1}
  m_TwistLimitSpring:
    spring: 0
    damper: 0
  m_LowTwistLimit:
    limit: -40
    bounciness: 0
    contactDistance: 0
  m_HighTwistLimit:
    limit: 25
    bounciness: 0
    contactDistance: 0
  m_SwingLimitSpring:
    spring: 0
    damper: 0
  m_Swing1Limit:
    limit: 25
    bounciness: 0
    contactDistance: 0
  m_Swing2Limit:
    limit: 0
    bounciness: 0
    contactDistance: 0
  m_EnableProjection: 0
  m_ProjectionDistance: .100000001
  m_ProjectionAngle: 180
  m_BreakForce: Infinity
  m_BreakTorque: Infinity
  m_EnableCollision: 0
  m_EnablePreprocessing: 0
--- !u!144 &14477956
CharacterJoint:
  m_ObjectHideFlags: 1
  m_PrefabParentObject: {fileID: 0}
  m_PrefabInternal: {fileID: 100100000}
  m_GameObject: {fileID: 107854}
  m_ConnectedBody: {fileID: 5438574}
  m_Anchor: {x: 0, y: 0, z: 0}
  m_Axis: {x: 1, y: 0, z: 0}
  m_AutoConfigureConnectedAnchor: 1
  m_ConnectedAnchor: {x: -1.95577741e-08, y: .277194798, z: -7.4505806e-09}
  serializedVersion: 2
  m_SwingAxis: {x: 0, y: 0, z: -1}
  m_TwistLimitSpring:
    spring: 0
    damper: 0
  m_LowTwistLimit:
    limit: -90
    bounciness: 0
    contactDistance: 0
  m_HighTwistLimit:
    limit: 0
    bounciness: 0
    contactDistance: 0
  m_SwingLimitSpring:
    spring: 0
    damper: 0
  m_Swing1Limit:
    limit: 0
    bounciness: 0
    contactDistance: 0
  m_Swing2Limit:
    limit: 0
    bounciness: 0
    contactDistance: 0
  m_EnableProjection: 0
  m_ProjectionDistance: .100000001
  m_ProjectionAngle: 180
  m_BreakForce: Infinity
  m_BreakTorque: Infinity
  m_EnableCollision: 0
  m_EnablePreprocessing: 0
--- !u!1001 &100100000
Prefab:
  m_ObjectHideFlags: 1
  serializedVersion: 2
  m_Modification:
    m_TransformParent: {fileID: 0}
    m_Modifications: []
    m_RemovedComponents: []
  m_ParentPrefab: {fileID: 0}
  m_RootGameObject: {fileID: 127886}
  m_IsPrefabParent: 1
