%YAML 1.1
%TAG !u! tag:unity3d.com,2011:
--- !u!1 &102486
GameObject:
  m_ObjectHideFlags: 0
  m_PrefabParentObject: {fileID: 0}
  m_PrefabInternal: {fileID: 100100000}
  serializedVersion: 4
  m_Component:
  - 4: {fileID: 446780}
  - 33: {fileID: 3388074}
  - 23: {fileID: 2364158}
  m_Layer: 0
  m_Name: SpawnerInactive
  m_TagString: Untagged
  m_Icon: {fileID: 0}
  m_NavMeshLayer: 0
  m_StaticEditorFlags: 0
  m_IsActive: 0
--- !u!1 &102750
GameObject:
  m_ObjectHideFlags: 1
  m_PrefabParentObject: {fileID: 0}
  m_PrefabInternal: {fileID: 100100000}
  serializedVersion: 4
  m_Component:
  - 4: {fileID: 443410}
  m_Layer: 0
  m_Name: firstWaypoint
  m_TagString: Untagged
  m_Icon: {fileID: 0}
  m_NavMeshLayer: 0
  m_StaticEditorFlags: 0
  m_IsActive: 1
--- !u!1 &115380
GameObject:
  m_ObjectHideFlags: 1
  m_PrefabParentObject: {fileID: 0}
  m_PrefabInternal: {fileID: 100100000}
  serializedVersion: 4
  m_Component:
  - 4: {fileID: 415656}
  - 33: {fileID: 3351812}
  - 23: {fileID: 2325768}
  m_Layer: 0
  m_Name: spawn_tent
  m_TagString: Untagged
  m_Icon: {fileID: 0}
  m_NavMeshLayer: 0
  m_StaticEditorFlags: 0
  m_IsActive: 1
--- !u!1 &117072
GameObject:
  m_ObjectHideFlags: 1
  m_PrefabParentObject: {fileID: 0}
  m_PrefabInternal: {fileID: 100100000}
  serializedVersion: 4
  m_Component:
  - 4: {fileID: 418780}
  m_Layer: 0
  m_Name: SpawnPoint
  m_TagString: Untagged
  m_Icon: {fileID: 0}
  m_NavMeshLayer: 0
  m_StaticEditorFlags: 0
  m_IsActive: 1
--- !u!1 &118304
GameObject:
  m_ObjectHideFlags: 1
  m_PrefabParentObject: {fileID: 0}
  m_PrefabInternal: {fileID: 100100000}
  serializedVersion: 4
  m_Component:
  - 4: {fileID: 439042}
  - 33: {fileID: 3359870}
  - 23: {fileID: 2315548}
  m_Layer: 0
  m_Name: spawn_tent_destroyed
  m_TagString: Untagged
  m_Icon: {fileID: 0}
  m_NavMeshLayer: 0
  m_StaticEditorFlags: 0
  m_IsActive: 1
--- !u!1 &119754
GameObject:
  m_ObjectHideFlags: 0
  m_PrefabParentObject: {fileID: 0}
  m_PrefabInternal: {fileID: 100100000}
  serializedVersion: 4
  m_Component:
  - 4: {fileID: 465022}
  m_Layer: 12
  m_Name: SpawnPoint
  m_TagString: Untagged
  m_Icon: {fileID: 0}
  m_NavMeshLayer: 0
  m_StaticEditorFlags: 0
  m_IsActive: 1
--- !u!1 &125264
GameObject:
  m_ObjectHideFlags: 0
  m_PrefabParentObject: {fileID: 0}
  m_PrefabInternal: {fileID: 100100000}
  serializedVersion: 4
  m_Component:
  - 4: {fileID: 468392}
  - 33: {fileID: 3326536}
  - 23: {fileID: 2347106}
  - 114: {fileID: 11489134}
  - 114: {fileID: 11454086}
  - 114: {fileID: 11470986}
  m_Layer: 0
  m_Name: SpawnerActive
  m_TagString: Untagged
  m_Icon: {fileID: 0}
  m_NavMeshLayer: 0
  m_StaticEditorFlags: 0
  m_IsActive: 1
--- !u!1 &126378
GameObject:
  m_ObjectHideFlags: 0
  m_PrefabParentObject: {fileID: 0}
  m_PrefabInternal: {fileID: 100100000}
  serializedVersion: 4
  m_Component:
  - 4: {fileID: 402960}
  - 65: {fileID: 6560066}
  - 114: {fileID: 11497722}
  - 114: {fileID: 11453424}
  - 114: {fileID: 11480136}
  - 208: {fileID: 20871166}
  m_Layer: 12
  m_Name: Spawner_Destroyable
  m_TagString: Untagged
  m_Icon: {fileID: 0}
  m_NavMeshLayer: 0
  m_StaticEditorFlags: 0
  m_IsActive: 1
--- !u!1 &162398
GameObject:
  m_ObjectHideFlags: 1
  m_PrefabParentObject: {fileID: 0}
  m_PrefabInternal: {fileID: 100100000}
  serializedVersion: 4
  m_Component:
  - 4: {fileID: 445436}
  - 33: {fileID: 3315792}
  - 23: {fileID: 2317316}
  m_Layer: 0
  m_Name: spawn_tent
  m_TagString: Untagged
  m_Icon: {fileID: 0}
  m_NavMeshLayer: 0
  m_StaticEditorFlags: 0
  m_IsActive: 1
--- !u!1 &180814
GameObject:
  m_ObjectHideFlags: 0
  m_PrefabParentObject: {fileID: 0}
  m_PrefabInternal: {fileID: 100100000}
  serializedVersion: 4
  m_Component:
  - 4: {fileID: 400392}
  - 33: {fileID: 3395584}
  - 65: {fileID: 6572916}
  - 23: {fileID: 2328454}
  - 114: {fileID: 11415220}
  m_Layer: 0
  m_Name: TentSpawnerTrigger
  m_TagString: Untagged
  m_Icon: {fileID: 0}
  m_NavMeshLayer: 0
  m_StaticEditorFlags: 0
  m_IsActive: 1
--- !u!4 &400392
Transform:
  m_ObjectHideFlags: 1
  m_PrefabParentObject: {fileID: 0}
  m_PrefabInternal: {fileID: 100100000}
  m_GameObject: {fileID: 180814}
  m_LocalRotation: {x: 0, y: -0.06813737, z: 0, w: 0.99767596}
  m_LocalPosition: {x: -8.19, y: 1.54, z: -7.45}
  m_LocalScale: {x: 1.0498221, y: 2.3254163, z: 6.846845}
  m_Children: []
  m_Father: {fileID: 402960}
  m_RootOrder: 2
--- !u!4 &402960
Transform:
  m_ObjectHideFlags: 1
  m_PrefabParentObject: {fileID: 0}
  m_PrefabInternal: {fileID: 100100000}
  m_GameObject: {fileID: 126378}
  m_LocalRotation: {x: 0, y: 0.41579312, z: 0, w: -0.90945923}
  m_LocalPosition: {x: 210.63, y: 0.4000001, z: 47.77}
  m_LocalScale: {x: 1, y: 1, z: 1}
  m_Children:
  - {fileID: 468392}
  - {fileID: 446780}
  - {fileID: 400392}
  - {fileID: 465022}
  m_Father: {fileID: 0}
  m_RootOrder: 0
--- !u!4 &415656
Transform:
  m_ObjectHideFlags: 1
  m_PrefabParentObject: {fileID: 0}
  m_PrefabInternal: {fileID: 100100000}
  m_GameObject: {fileID: 115380}
  m_LocalRotation: {x: 0.000000115202326, y: 0.7071067, z: 0.7071068, w: -0.00000011520231}
  m_LocalPosition: {x: -0, y: -0.4, z: 2.81}
  m_LocalScale: {x: 100, y: 100, z: 50}
  m_Children: []
  m_Father: {fileID: 468392}
  m_RootOrder: 3
--- !u!4 &418780
Transform:
  m_ObjectHideFlags: 1
  m_PrefabParentObject: {fileID: 0}
  m_PrefabInternal: {fileID: 100100000}
  m_GameObject: {fileID: 117072}
  m_LocalRotation: {x: 0, y: 0, z: 0, w: 1}
  m_LocalPosition: {x: 1.16, y: 0, z: -0.84}
  m_LocalScale: {x: 1, y: 1, z: 1}
  m_Children: []
  m_Father: {fileID: 468392}
  m_RootOrder: 2
--- !u!4 &439042
Transform:
  m_ObjectHideFlags: 1
  m_PrefabParentObject: {fileID: 0}
  m_PrefabInternal: {fileID: 100100000}
  m_GameObject: {fileID: 118304}
  m_LocalRotation: {x: -0.00000011520229, y: -0.70710695, z: -0.7071066, w: 0.00000011520235}
  m_LocalPosition: {x: 0.11, y: 0, z: 3.83}
  m_LocalScale: {x: 169.74283, y: 169.74292, z: 169.74292}
  m_Children: []
  m_Father: {fileID: 446780}
  m_RootOrder: 0
--- !u!4 &443410
Transform:
  m_ObjectHideFlags: 1
  m_PrefabParentObject: {fileID: 0}
  m_PrefabInternal: {fileID: 100100000}
  m_GameObject: {fileID: 102750}
  m_LocalRotation: {x: 0, y: 0, z: 0, w: 1}
  m_LocalPosition: {x: 0.85, y: 0.03, z: -8.75}
  m_LocalScale: {x: 1, y: 1, z: 1}
  m_Children: []
  m_Father: {fileID: 468392}
  m_RootOrder: 0
--- !u!4 &445436
Transform:
  m_ObjectHideFlags: 1
  m_PrefabParentObject: {fileID: 0}
  m_PrefabInternal: {fileID: 100100000}
  m_GameObject: {fileID: 162398}
  m_LocalRotation: {x: 0.000000115202326, y: 0.7071067, z: 0.7071068, w: -0.00000011520231}
  m_LocalPosition: {x: -0, y: -0.4, z: 2.81}
  m_LocalScale: {x: 100, y: 100, z: 50}
  m_Children: []
  m_Father: {fileID: 468392}
  m_RootOrder: 1
--- !u!4 &446780
Transform:
  m_ObjectHideFlags: 1
  m_PrefabParentObject: {fileID: 0}
  m_PrefabInternal: {fileID: 100100000}
  m_GameObject: {fileID: 102486}
  m_LocalRotation: {x: 0, y: 0, z: 0, w: 1}
  m_LocalPosition: {x: 0, y: 0, z: 0}
  m_LocalScale: {x: 0.59557366, y: 0.59, z: 0.5955737}
  m_Children:
  - {fileID: 439042}
  m_Father: {fileID: 402960}
  m_RootOrder: 1
--- !u!4 &465022
Transform:
  m_ObjectHideFlags: 1
  m_PrefabParentObject: {fileID: 0}
  m_PrefabInternal: {fileID: 100100000}
  m_GameObject: {fileID: 119754}
  m_LocalRotation: {x: 0, y: 0, z: 0, w: 1}
  m_LocalPosition: {x: -0.23, y: -0.06, z: -1.51}
  m_LocalScale: {x: 1, y: 1, z: 1}
  m_Children: []
  m_Father: {fileID: 402960}
  m_RootOrder: 3
--- !u!4 &468392
Transform:
  m_ObjectHideFlags: 1
  m_PrefabParentObject: {fileID: 0}
  m_PrefabInternal: {fileID: 100100000}
  m_GameObject: {fileID: 125264}
  m_LocalRotation: {x: 0, y: 0, z: 0, w: 1}
  m_LocalPosition: {x: 0.02, y: 0.24, z: -0.33}
  m_LocalScale: {x: 1, y: 2, z: 1}
  m_Children:
  - {fileID: 443410}
  - {fileID: 445436}
  - {fileID: 418780}
  - {fileID: 415656}
  m_Father: {fileID: 402960}
  m_RootOrder: 0
--- !u!23 &2315548
MeshRenderer:
  m_ObjectHideFlags: 1
  m_PrefabParentObject: {fileID: 0}
  m_PrefabInternal: {fileID: 100100000}
  m_GameObject: {fileID: 118304}
  m_Enabled: 1
  m_CastShadows: 1
  m_ReceiveShadows: 1
  m_Materials:
  - {fileID: 2100000, guid: 5742b1f37e360844ab21c81f50ca0e8f, type: 2}
  m_SubsetIndices: 
  m_StaticBatchRoot: {fileID: 0}
  m_UseLightProbes: 1
  m_ReflectionProbeUsage: 1
  m_ProbeAnchor: {fileID: 0}
  m_ScaleInLightmap: 1
  m_PreserveUVs: 0
  m_IgnoreNormalsForChartDetection: 0
  m_ImportantGI: 0
  m_MinimumChartSize: 4
  m_AutoUVMaxDistance: 0.5
  m_AutoUVMaxAngle: 89
  m_LightmapParameters: {fileID: 0}
  m_SortingLayerID: 0
  m_SortingOrder: 0
--- !u!23 &2317316
MeshRenderer:
  m_ObjectHideFlags: 1
  m_PrefabParentObject: {fileID: 0}
  m_PrefabInternal: {fileID: 100100000}
  m_GameObject: {fileID: 162398}
  m_Enabled: 1
  m_CastShadows: 1
  m_ReceiveShadows: 1
  m_Materials:
  - {fileID: 2100000, guid: e8719ba9387b49f4ab598444ca3252c8, type: 2}
  m_SubsetIndices: 
  m_StaticBatchRoot: {fileID: 0}
  m_UseLightProbes: 1
  m_ReflectionProbeUsage: 1
  m_ProbeAnchor: {fileID: 0}
  m_ScaleInLightmap: 1
  m_PreserveUVs: 0
  m_IgnoreNormalsForChartDetection: 0
  m_ImportantGI: 0
  m_MinimumChartSize: 4
  m_AutoUVMaxDistance: 0.5
  m_AutoUVMaxAngle: 89
  m_LightmapParameters: {fileID: 0}
  m_SortingLayerID: 0
  m_SortingOrder: 0
--- !u!23 &2325768
MeshRenderer:
  m_ObjectHideFlags: 1
  m_PrefabParentObject: {fileID: 0}
  m_PrefabInternal: {fileID: 100100000}
  m_GameObject: {fileID: 115380}
  m_Enabled: 1
  m_CastShadows: 1
  m_ReceiveShadows: 1
  m_Materials:
  - {fileID: 2100000, guid: e8719ba9387b49f4ab598444ca3252c8, type: 2}
  m_SubsetIndices: 
  m_StaticBatchRoot: {fileID: 0}
  m_UseLightProbes: 1
  m_ReflectionProbeUsage: 1
  m_ProbeAnchor: {fileID: 0}
  m_ScaleInLightmap: 1
  m_PreserveUVs: 0
  m_IgnoreNormalsForChartDetection: 0
  m_ImportantGI: 0
  m_MinimumChartSize: 4
  m_AutoUVMaxDistance: 0.5
  m_AutoUVMaxAngle: 89
  m_LightmapParameters: {fileID: 0}
  m_SortingLayerID: 0
  m_SortingOrder: 0
--- !u!23 &2328454
MeshRenderer:
  m_ObjectHideFlags: 1
  m_PrefabParentObject: {fileID: 0}
  m_PrefabInternal: {fileID: 100100000}
  m_GameObject: {fileID: 180814}
  m_Enabled: 0
  m_CastShadows: 1
  m_ReceiveShadows: 1
  m_Materials:
  - {fileID: 10303, guid: 0000000000000000f000000000000000, type: 0}
  m_SubsetIndices: 
  m_StaticBatchRoot: {fileID: 0}
  m_UseLightProbes: 1
  m_ReflectionProbeUsage: 1
  m_ProbeAnchor: {fileID: 0}
  m_ScaleInLightmap: 1
  m_PreserveUVs: 1
  m_IgnoreNormalsForChartDetection: 0
  m_ImportantGI: 0
  m_MinimumChartSize: 4
  m_AutoUVMaxDistance: 0.5
  m_AutoUVMaxAngle: 89
  m_LightmapParameters: {fileID: 0}
  m_SortingLayerID: 0
  m_SortingOrder: 0
--- !u!23 &2347106
MeshRenderer:
  m_ObjectHideFlags: 1
  m_PrefabParentObject: {fileID: 0}
  m_PrefabInternal: {fileID: 100100000}
  m_GameObject: {fileID: 125264}
  m_Enabled: 0
  m_CastShadows: 1
  m_ReceiveShadows: 1
  m_Materials:
  - {fileID: 10303, guid: 0000000000000000f000000000000000, type: 0}
  m_SubsetIndices: 
  m_StaticBatchRoot: {fileID: 0}
  m_UseLightProbes: 1
  m_ReflectionProbeUsage: 1
  m_ProbeAnchor: {fileID: 0}
  m_ScaleInLightmap: 1
  m_PreserveUVs: 1
  m_IgnoreNormalsForChartDetection: 0
  m_ImportantGI: 0
  m_MinimumChartSize: 4
  m_AutoUVMaxDistance: 0.5
  m_AutoUVMaxAngle: 89
  m_LightmapParameters: {fileID: 0}
  m_SortingLayerID: 0
  m_SortingOrder: 0
--- !u!23 &2364158
MeshRenderer:
  m_ObjectHideFlags: 1
  m_PrefabParentObject: {fileID: 0}
  m_PrefabInternal: {fileID: 100100000}
  m_GameObject: {fileID: 102486}
  m_Enabled: 0
  m_CastShadows: 1
  m_ReceiveShadows: 1
  m_Materials:
  - {fileID: 10303, guid: 0000000000000000f000000000000000, type: 0}
  m_SubsetIndices: 
  m_StaticBatchRoot: {fileID: 0}
  m_UseLightProbes: 1
  m_ReflectionProbeUsage: 1
  m_ProbeAnchor: {fileID: 0}
  m_ScaleInLightmap: 1
  m_PreserveUVs: 1
  m_IgnoreNormalsForChartDetection: 0
  m_ImportantGI: 0
  m_MinimumChartSize: 4
  m_AutoUVMaxDistance: 0.5
  m_AutoUVMaxAngle: 89
  m_LightmapParameters: {fileID: 0}
  m_SortingLayerID: 0
  m_SortingOrder: 0
--- !u!33 &3315792
MeshFilter:
  m_ObjectHideFlags: 1
  m_PrefabParentObject: {fileID: 0}
  m_PrefabInternal: {fileID: 100100000}
  m_GameObject: {fileID: 162398}
  m_Mesh: {fileID: 4300000, guid: 4d14982192760d741a31d707f36a975e, type: 3}
--- !u!33 &3326536
MeshFilter:
  m_ObjectHideFlags: 1
  m_PrefabParentObject: {fileID: 0}
  m_PrefabInternal: {fileID: 100100000}
  m_GameObject: {fileID: 125264}
  m_Mesh: {fileID: 10202, guid: 0000000000000000e000000000000000, type: 0}
--- !u!33 &3351812
MeshFilter:
  m_ObjectHideFlags: 1
  m_PrefabParentObject: {fileID: 0}
  m_PrefabInternal: {fileID: 100100000}
  m_GameObject: {fileID: 115380}
  m_Mesh: {fileID: 4300000, guid: 4d14982192760d741a31d707f36a975e, type: 3}
--- !u!33 &3359870
MeshFilter:
  m_ObjectHideFlags: 1
  m_PrefabParentObject: {fileID: 0}
  m_PrefabInternal: {fileID: 100100000}
  m_GameObject: {fileID: 118304}
  m_Mesh: {fileID: 4300000, guid: 2e42f8156c104a947b9f222be0b3b9d5, type: 3}
--- !u!33 &3388074
MeshFilter:
  m_ObjectHideFlags: 1
  m_PrefabParentObject: {fileID: 0}
  m_PrefabInternal: {fileID: 100100000}
  m_GameObject: {fileID: 102486}
  m_Mesh: {fileID: 10206, guid: 0000000000000000e000000000000000, type: 0}
--- !u!33 &3395584
MeshFilter:
  m_ObjectHideFlags: 1
  m_PrefabParentObject: {fileID: 0}
  m_PrefabInternal: {fileID: 100100000}
  m_GameObject: {fileID: 180814}
  m_Mesh: {fileID: 10202, guid: 0000000000000000e000000000000000, type: 0}
--- !u!65 &6560066
BoxCollider:
  m_ObjectHideFlags: 1
  m_PrefabParentObject: {fileID: 0}
  m_PrefabInternal: {fileID: 100100000}
  m_GameObject: {fileID: 126378}
  m_Material: {fileID: 0}
  m_IsTrigger: 0
  m_Enabled: 1
  serializedVersion: 2
  m_Size: {x: 4.793951, y: 2.2673664, z: 6.2007313}
  m_Center: {x: -0.060323, y: 0.6336832, z: 2.3877087}
--- !u!65 &6572916
BoxCollider:
  m_ObjectHideFlags: 1
  m_PrefabParentObject: {fileID: 0}
  m_PrefabInternal: {fileID: 100100000}
  m_GameObject: {fileID: 180814}
  m_Material: {fileID: 0}
  m_IsTrigger: 1
  m_Enabled: 1
  serializedVersion: 2
  m_Size: {x: 1, y: 1, z: 1}
  m_Center: {x: 0, y: 0, z: 0}
--- !u!114 &11415220
MonoBehaviour:
  m_ObjectHideFlags: 1
  m_PrefabParentObject: {fileID: 0}
  m_PrefabInternal: {fileID: 100100000}
  m_GameObject: {fileID: 180814}
  m_Enabled: 1
  m_EditorHideFlags: 0
  m_Script: {fileID: 11500000, guid: 3388dfa65efc44752b5a16400a4d005d, type: 3}
  m_Name: 
  m_EditorClassIdentifier: 
  avatarName: anonymous
  collectHealth: 0
  collectFaith: 0
  collectMoney: 0
  health: 1
  MaxHealth: 1
  faith: 0.5
  MaxFaith: 1
  maxProtection: 0
  groundType: 0
  money: 0
  guiDebug:
    m_Name: 
    m_Normal:
      m_Background: {fileID: 0}
      m_TextColor: {r: 0, g: 0, b: 0, a: 1}
    m_Hover:
      m_Background: {fileID: 0}
      m_TextColor: {r: 0, g: 0, b: 0, a: 1}
    m_Active:
      m_Background: {fileID: 0}
      m_TextColor: {r: 0, g: 0, b: 0, a: 1}
    m_Focused:
      m_Background: {fileID: 0}
      m_TextColor: {r: 0, g: 0, b: 0, a: 1}
    m_OnNormal:
      m_Background: {fileID: 0}
      m_TextColor: {r: 0, g: 0, b: 0, a: 1}
    m_OnHover:
      m_Background: {fileID: 0}
      m_TextColor: {r: 0, g: 0, b: 0, a: 1}
    m_OnActive:
      m_Background: {fileID: 0}
      m_TextColor: {r: 0, g: 0, b: 0, a: 1}
    m_OnFocused:
      m_Background: {fileID: 0}
      m_TextColor: {r: 0, g: 0, b: 0, a: 1}
    m_Border:
      m_Left: 0
      m_Right: 0
      m_Top: 0
      m_Bottom: 0
    m_Margin:
      m_Left: 0
      m_Right: 0
      m_Top: 0
      m_Bottom: 0
    m_Padding:
      m_Left: 0
      m_Right: 0
      m_Top: 0
      m_Bottom: 0
    m_Overflow:
      m_Left: 0
      m_Right: 0
      m_Top: 0
      m_Bottom: 0
    m_Font: {fileID: 0}
    m_FontSize: 0
    m_FontStyle: 0
    m_Alignment: 0
    m_WordWrap: 0
    m_RichText: 1
    m_TextClipping: 0
    m_ImagePosition: 0
    m_ContentOffset: {x: 0, y: 0}
    m_FixedWidth: 0
    m_FixedHeight: 0
    m_StretchWidth: 1
    m_StretchHeight: 0
  Mechanisms:
  - {fileID: 11454086}
  AllowedLayers: 08000000
--- !u!114 &11453424
MonoBehaviour:
  m_ObjectHideFlags: 1
  m_PrefabParentObject: {fileID: 0}
  m_PrefabInternal: {fileID: 100100000}
  m_GameObject: {fileID: 126378}
  m_Enabled: 1
  m_EditorHideFlags: 0
  m_Script: {fileID: 11500000, guid: 89e7a2cf9b67e42f0b5f7d4801e0dda9, type: 3}
  m_Name: 
  m_EditorClassIdentifier: 
  avatarName: anonymous
  collectHealth: 0
  collectFaith: 0
  collectMoney: 0
  health: 0.2
  MaxHealth: 0.2
  faith: 0.5
  MaxFaith: 1
  maxProtection: 0
  groundType: 0
  money: 0
  guiDebug:
    m_Name: 
    m_Normal:
      m_Background: {fileID: 0}
      m_TextColor: {r: 0, g: 0, b: 0, a: 1}
    m_Hover:
      m_Background: {fileID: 0}
      m_TextColor: {r: 0, g: 0, b: 0, a: 1}
    m_Active:
      m_Background: {fileID: 0}
      m_TextColor: {r: 0, g: 0, b: 0, a: 1}
    m_Focused:
      m_Background: {fileID: 0}
      m_TextColor: {r: 0, g: 0, b: 0, a: 1}
    m_OnNormal:
      m_Background: {fileID: 0}
      m_TextColor: {r: 0, g: 0, b: 0, a: 1}
    m_OnHover:
      m_Background: {fileID: 0}
      m_TextColor: {r: 0, g: 0, b: 0, a: 1}
    m_OnActive:
      m_Background: {fileID: 0}
      m_TextColor: {r: 0, g: 0, b: 0, a: 1}
    m_OnFocused:
      m_Background: {fileID: 0}
      m_TextColor: {r: 0, g: 0, b: 0, a: 1}
    m_Border:
      m_Left: 0
      m_Right: 0
      m_Top: 0
      m_Bottom: 0
    m_Margin:
      m_Left: 0
      m_Right: 0
      m_Top: 0
      m_Bottom: 0
    m_Padding:
      m_Left: 0
      m_Right: 0
      m_Top: 0
      m_Bottom: 0
    m_Overflow:
      m_Left: 0
      m_Right: 0
      m_Top: 0
      m_Bottom: 0
    m_Font: {fileID: 0}
    m_FontSize: 0
    m_FontStyle: 0
    m_Alignment: 0
    m_WordWrap: 0
    m_RichText: 1
    m_TextClipping: 0
    m_ImagePosition: 0
    m_ContentOffset: {x: 0, y: 0}
    m_FixedWidth: 0
    m_FixedHeight: 0
    m_StretchWidth: 1
    m_StretchHeight: 0
  Mechanisms:
  - {fileID: 11497722}
--- !u!114 &11454086
MonoBehaviour:
  m_ObjectHideFlags: 1
  m_PrefabParentObject: {fileID: 0}
  m_PrefabInternal: {fileID: 100100000}
  m_GameObject: {fileID: 125264}
  m_Enabled: 1
  m_EditorHideFlags: 0
  m_Script: {fileID: 11500000, guid: 15954fb554e484cb59de589588a2e149, type: 3}
  m_Name: 
  m_EditorClassIdentifier: 
  Actuators:
  - {fileID: 11415220}
--- !u!114 &11470986
MonoBehaviour:
  m_ObjectHideFlags: 1
  m_PrefabParentObject: {fileID: 0}
  m_PrefabInternal: {fileID: 100100000}
  m_GameObject: {fileID: 125264}
  m_Enabled: 1
  m_EditorHideFlags: 0
  m_Script: {fileID: 11500000, guid: 24fccd643e11c4c0caf251faeafa689a, type: 3}
  m_Name: 
  m_EditorClassIdentifier: 
  DeactivateRenderer: 0
--- !u!114 &11480136
MonoBehaviour:
  m_ObjectHideFlags: 1
  m_PrefabParentObject: {fileID: 0}
  m_PrefabInternal: {fileID: 100100000}
  m_GameObject: {fileID: 126378}
  m_Enabled: 1
  m_EditorHideFlags: 0
  m_Script: {fileID: 11500000, guid: dbc617d9621b0450a8c675511d03cf63, type: 3}
  m_Name: 
  m_EditorClassIdentifier: 
  avatarName: anonymous
  collectHealth: 0
  collectFaith: 0
  collectMoney: 0
  health: 0.1
  MaxHealth: 1
  faith: 0.5
  MaxFaith: 1
  maxProtection: 0
  groundType: 0
  money: 0
  guiDebug:
    m_Name: 
    m_Normal:
      m_Background: {fileID: 0}
      m_TextColor: {r: 0, g: 0, b: 0, a: 1}
    m_Hover:
      m_Background: {fileID: 0}
      m_TextColor: {r: 0, g: 0, b: 0, a: 1}
    m_Active:
      m_Background: {fileID: 0}
      m_TextColor: {r: 0, g: 0, b: 0, a: 1}
    m_Focused:
      m_Background: {fileID: 0}
      m_TextColor: {r: 0, g: 0, b: 0, a: 1}
    m_OnNormal:
      m_Background: {fileID: 0}
      m_TextColor: {r: 0, g: 0, b: 0, a: 1}
    m_OnHover:
      m_Background: {fileID: 0}
      m_TextColor: {r: 0, g: 0, b: 0, a: 1}
    m_OnActive:
      m_Background: {fileID: 0}
      m_TextColor: {r: 0, g: 0, b: 0, a: 1}
    m_OnFocused:
      m_Background: {fileID: 0}
      m_TextColor: {r: 0, g: 0, b: 0, a: 1}
    m_Border:
      m_Left: 0
      m_Right: 0
      m_Top: 0
      m_Bottom: 0
    m_Margin:
      m_Left: 0
      m_Right: 0
      m_Top: 0
      m_Bottom: 0
    m_Padding:
      m_Left: 0
      m_Right: 0
      m_Top: 0
      m_Bottom: 0
    m_Overflow:
      m_Left: 0
      m_Right: 0
      m_Top: 0
      m_Bottom: 0
    m_Font: {fileID: 0}
    m_FontSize: 0
    m_FontStyle: 0
    m_Alignment: 0
    m_WordWrap: 0
    m_RichText: 1
    m_TextClipping: 0
    m_ImagePosition: 0
    m_ContentOffset: {x: 0, y: 0}
    m_FixedWidth: 0
    m_FixedHeight: 0
    m_StretchWidth: 1
    m_StretchHeight: 0
--- !u!114 &11489134
MonoBehaviour:
  m_ObjectHideFlags: 1
  m_PrefabParentObject: {fileID: 0}
  m_PrefabInternal: {fileID: 100100000}
  m_GameObject: {fileID: 125264}
  m_Enabled: 1
  m_EditorHideFlags: 0
  m_Script: {fileID: 11500000, guid: 1c503c0adb000415cb48e69f6486fb05, type: 3}
  m_Name: 
  m_EditorClassIdentifier: 
  IsSpawning: 0
  SpawnFirstImmediately: 1
  currentEnemyCountOnBattlefield: 0
  SpawnRadius: 0
  spawnPoint: {fileID: 418780}
  useSpawnPoint: 1
  MaxEnemiesOnBattlefield: 2
  Enemies:
  - {fileID: 164582, guid: fca1addecacc76942819a2c0bcf6c73d, type: 2}
  SpawnIntervall: 5
--- !u!114 &11497722
MonoBehaviour:
  m_ObjectHideFlags: 1
  m_PrefabParentObject: {fileID: 0}
  m_PrefabInternal: {fileID: 100100000}
  m_GameObject: {fileID: 126378}
  m_Enabled: 1
  m_EditorHideFlags: 0
  m_Script: {fileID: 11500000, guid: b51c73f74f5b54e5b94f1bba7b37f2f0, type: 3}
  m_Name: 
  m_EditorClassIdentifier: 
  Actuators: []
  ActiveRepresentation: {fileID: 102486}
  InactiveRepresentation: {fileID: 125264}
  UpdateCollider: 1
--- !u!208 &20871166
NavMeshObstacle:
  m_ObjectHideFlags: 1
  m_PrefabParentObject: {fileID: 0}
  m_PrefabInternal: {fileID: 100100000}
  m_GameObject: {fileID: 126378}
  m_Enabled: 1
  serializedVersion: 3
  m_Shape: 1
  m_Extents: {x: 0.5, y: 0.5, z: 0.5}
  m_MoveThreshold: 0.1
  m_Carve: 1
  m_CarveOnlyStationary: 1
  m_Center: {x: 0, y: 0, z: 0}
  m_TimeToStationary: 0.5
--- !u!1001 &100100000
Prefab:
  m_ObjectHideFlags: 1
  serializedVersion: 2
  m_Modification:
    m_TransformParent: {fileID: 0}
    m_Modifications: []
    m_RemovedComponents: []
  m_ParentPrefab: {fileID: 0}
  m_RootGameObject: {fileID: 126378}
  m_IsPrefabParent: 1
